|0000|015|0|01022021|28022021|Cooperativa Agroindustrial Novicarnes|07411627000184||PR|9034017104|4118501|||A|0|
|0001|0|
|0002|00|
|0005|Novicarnes|85501970|Rod Prt 469 Km 04 , S/N|||Passo Da Pedra|4632256566|4632256566|novicarnes@novicarnes.com.br|
|0100|Vanilton Polli|62777432953|PR-26458/O-2||00000000|||||||simonefilipon@pollicontadores.com.br|4118501|
|0150|1|Fb Engenharia Ltda|1058|06151273000113|||4219705||Cdo Av Plinio Arlindo De Nes, 281|281||Centro|
|0990|7|
|B001|1|
|B990|2|
|C001|1|
|C990|2|
|D001|0|
|D100|0|1|1|67|00|1||000004545||03022021|03022021|0||100,00|0,00|0|0,00|0,00|0,00|0,00||||4118501|
|D190|000|2352|0,00|100,00|0,00|0,00|0,00||
|D990|4|
|E001|0|
|E100|01022021|28022021|
|E110|0,00|0,00|0,00|0,00|0,00|0,00|0,00|0,00|0,00|0,00|0,00|0,00|0,00|0,00|
|E500|0|01022021|28022021|
|E990|5|
|G001|1|
|G990|2|
|H001|1|
|H990|2|
|K001|1|
|K990|2|
|1001|0|
|1010|N|N|N|N|N|N|N|N|N|N|N|N|N|
|1990|3|
|9001|0|
|9900|0000|1|
|9900|0001|1|
|9900|0002|1|
|9900|0005|1|
|9900|0100|1|
|9900|0150|1|
|9900|0990|1|
|9900|B001|1|
|9900|B990|1|
|9900|C001|1|
|9900|C990|1|
|9900|D001|1|
|9900|D100|1|
|9900|D190|1|
|9900|D990|1|
|9900|E001|1|
|9900|E100|1|
|9900|E110|1|
|9900|E500|1|
|9900|E990|1|
|9900|G001|1|
|9900|G990|1|
|9900|H001|1|
|9900|H990|1|
|9900|K001|1|
|9900|K990|1|
|9900|1001|1|
|9900|1010|1|
|9900|1990|1|
|9900|9001|1|
|9900|9900|33|
|9900|9990|1|
|9900|9999|1|
|9990|36|
|9999|65|
