|0000|014|0|01122020|31122020|SEIP BRASIL INDUSTRIA DE PORTOES AUTOMATIZADOSLTDA|22627025000233||PR|9075136452|4128708|||A|0|
|0001|0|
|0002|02|
|0005|SEIP BRASIL IND DE PORTOES AUTOMATIZADOS|85520000|Rod Pr 158 ,17400|17400||Zona Rural|4626040048||administrativo@seipbrasil.com.br|
|0100|Daiana Michele Bett Wolker|02646834985|048909/O-1||00000000|||||||contabil04.pb@pollicontadores.com.br|4128708|
|0150|1|Rodonaves Trans Encomendas Ltda|1058|44914992003820||9061706477|4125506||Rodovia Br 116 , 14219|1421||Costeira|
|0150|2|Marcos Sperry Gomide|1058||99025167004||4314100||Rua Indepencencia 640/2102|640/||Centro|
|0150|3|Alexandre Jose Rovani|1058||76154165072||4314100||Rua Harmonia 89|89||Lucas Araujo|
|0150|4|Monaco Esquadrias De Pvc Ltda|1058|11410237000167||0910306265|4314100||Rst 153, 131 Km 0 Sala 03|131|Trevo Saida Soledade|Jeronimo Coelho|
|0150|5|Com. De Embalagens Rita Ltda|1058|82466541000174||3160339380|4118501||Av Tupi, 1380|1380||Centro|
|0150|6|Mafer Comercio De Combustiveis Ltda|1058|10688757000173||9048949158|4128708||Av Brasil Argentina, 030|030||Trevo Vitorino|
|0150|7|Jandir Bortoluzzi Epp|1058|97374441000195||252852206|4216909||Rodovia Acesso Sul, 165|165||Santa Catarina|
|0150|8|J & g Goulart Industria e Comercio Ltda|1058|18968005000178||257643028|4211900||Rua Papa Paulo V.I. 789|789||Ponte Do Imaruim|
|0150|9|Marcia Del Monde|1058||87413345820||3509502||Rua Maestro Joao De Tulio Apto 23, 140|140||Cambui|
|0150|10|Pinheiro Peneiras Ltda|1058|33764718000103||9081581727|4108403||Rua Clenio Faust, 230|230||Padre Ulrico|
|0150|11|Laercio Zanchetta|1058||84299436920||4203600||R Benjamin Colla Esq. Augusto Bresola,0|0||Centro|
|0150|12|Auto Posto Tropical Ltda|1058|18266843000108||9072128408|4128708||Rod Prt 280, 000|000||Zona Rural|
|0150|13|Glassbox  Vidros De Segurança Ltda|1058|03926587000152||283141662|5003702||Rua Hayel Bom Faker 2207|2207||Jardim São Pedro|
|0150|14|Felipe Souza & Lubeck Ind De Aluminios e Serviços Eirelli|1058|34149630000144||0490061613|4308508||Br 386 Km 35 , 100|100||Bela Vista|
|0150|15|Rigb Sistemas De Aberturas De Segurança Eirelli|1058|31598146000104||9079336790|4118501||Rua Arariboia, 725|725||La Salle|
|0150|16|Sf Home Comercio De Esquadrias & Decor Ltda|1058|36075445000188||0036481480027|3131307||Rua Gaspar De Lemos, 355|355||Bom Retiro|
|0150|17|Lavitrale Vidros e Aluminios Ltda Me.|1058|12850922000177||256253382|4219507||Rua Emilio Allet,  399|399||Veneza|
|0150|18|Noeli Melere Santian - Eireli|1058|11162448000128||9049567917|4128708||Avenida Belo Horizonte, 76|76||Industrial|
|0150|19|Wurth Do Brasil Pecas De Fixacao Ltda|1058|43648971000155||278024442113|3513009||Rua: Adolf Wurth, 557|557||Jd Sao Vicente|
|0150|20|Tupy Borrachas Ltda|1058|00066041000180||3160403143|4118501||Av Tupy, 4947, SN|4947||Cristo Rei|
|0150|21|Vitral Sul - Aluminios e Ferragens Ltda|1058|11083556000105||9049214160|4108403||Rodovia Contorno Leste, 471|471||Agua Branca|
|0150|22|A2t Pecas - Eireli - Me|1058|21397019000193||9067994130|4128708||Rod Pr 158,Km 358 n 17529, SN|Km 35||Rodovia|
|0150|23|Erico Hiyoshi Iwata|1058||46602003968||4118501||Rua Genuino Piacentini, 459|459||Santa Teresinha|
|0150|24|A. S. Brinhgentti & Cia Ltda|1058|04966293000117||9025459803|4128708||Rua Dr. Munhoz Da Rocha, 17|17||Centro|
|0150|25|Alvaro De Carvalho|1058||95327924149||5103403||Av. Miguel Seror, 320|320||Santa Rosa|
|0150|26|Perfect Industria De Esquadrias Em Pvc Ltda - Me|1058|24768610000106||257960031|4201604||Rua Francisco Nava, 1300|1300|Brcao|Centro|
|0150|27|R l Decoraçoes e Esquadrias Ltda|1058|14165295000160||134325176|5107958||Av Ismael Jose Do Nascimento S.01, 1717|1717||Jardim Acacia|
|0150|28|Center Pb Comercio De Papeis Eireli|1058|33853055000101||9081669810|4118501||Av Tupi, 4945|4945||Cristo Rei|
|0150|29|Valdemir João Simão|1058|15221433000144||0360060862|4306601||Rodovia Estadual Rs 630, Km 1 S/N|Km 1||Serrinha|
|0150|30|Marcoantonio Franzen|1058||67216625072||4317202||Rua Jorge Vieira Marques, 350|350||Gloria|
|0150|31|A. R. De Souza Da Fonseca Me|1058|22724950000100||4270030525|4323804||Rua Rs 407 Loja 02, 100|100||Guara|
|0150|32|Ricardo Pina|1058||07573313861||3547304||Al. Topazio 95|95||Res.9 Alphaville|
|0150|33|Moacir Gimenez|1058||23668555834||3548708||Rua Jose Antonio Da Silva 56|56||Parque Espacial|
|0150|34|Joao Leite Praça|1058||31449085687||3509502||Av Prof Dea Ehrhardt Carvalho 100|100||Gramado|
|0150|35|Tatto e Noal Ltda|1058|02355754000190||9015176307|4118501||Avenida Tupi, 3877|3877||Baixada|
|0150|36|Josilan De Oliveira Lagrimante|1058||08015372828||3530607||Av Francisco Ribeiro Nogueira 2134|2134||Vila Mogi Moderno|
|0150|37|Marcelo Jose Pereira Zampieri|1058||11622669886||3556701||Rua Rio Juquia 754|754||Cond Fazenda São Joaquim|
|0150|38|Real Epis - Com De Equip De Seguranca - Eireli - M|1058|10839633000141||9048116105|4118501||Avenida Tupi, 1364|1364||Centro|
|0150|39|A. A. Rotta & Cia Ltda|1058|03304180000193||9018989104|4118501||Br 158 Km 529 n 4100, 4100|4100||Set Industrial|
|0150|40|Gustavo Uggeri Rodrigues|1058||95875379049||4317509||Rua Marechal Floriano 640|640||Centro|
|0150|41|J. Berto Tecnologia Me|1058|07549921000157||9035006033|4108403||Rua Rio Grande Do Sul, 1188|1188||Nossa Senhora Aparecida|
|0150|42|Silvelox Group Spa|3867||02381120225||9999999||Viale Venezi|||Trento|
|0190|000001|UN|
|0190|000002|RL|
|0190|000003|L|
|0190|000004|UND|
|0190|000005|KG|
|0190|000006|UND.|
|0190|000007|PC|
|0190|000008|UNID|
|0190|000009|BR|
|0190|000010|CX|
|0190|000011|PAR|
|0190|000012|ML|
|0190|000013|M|
|0190|000014|QT|
|0190|000015|CT|
|0190|000016|MT|
|0190|000017|UN.|
|0190|000018|PCT|
|0190|000019|LT|
|0190|000020|1|
|0190|000021|PÃ?|
|0190|000022|CE|
|0190|000023|KIT|
|0190|000024|GL|
|0200|01437|Sacos Plasticos 55x85x0,15 Unitario|||000001|01|39232110||39||18,00||
|0200|00101|Fita Adesiva Transp. e Marrom.48mm.X100 Mt.|||000001|00|39191010||39||0,00||
|0200|00055|Bobina Palet.Stretch Manual 50x30|||000002|00|39201099||39||0,00||
|0200|00659|Etanol Hidratado Comum|||000003|00|22071090||22||18,00||
|0200|00838|Diesel S-10 Comum|||000003|00|27101921||27||18,00||
|0200|01711|Porta Em Aluminio Perfilatto|||000001|01|76101000||76||18,00||
|0200|01712|Peneira|||000001|01|84379000||84||18,00||
|0200|00462|Gasolina Comum|||000003|00|27101259||27||18,00|0600200|
|0200|01714|Chapa 14 Fq|||000005|01|73145000||73||18,00|0111000|
|0200|01715|Chapa 20 Fq|||000005|01|||||18,00||
|0200|01245|Chapa 18 Fq|||000006|01|73145000||73||18,00|0111000|
|0200|01362|Rebite Repuxo Aluminio Preto 4x12mm|||000001|01|76161000||76||18,00||
|0200|01716|Chave Roda 17x19x21x23mm P/Cachimbo|||000007|01|82041100||82||18,00||
|0200|00780|Paraf. Dry Wall Trombeta 3,5 x 35|7892261092695||000008|00|73181500||73||18,00||
|0200|01522|Branco-Perf.Alum.Tubo Retang 152,4 x 50,8 Ptg 041|||000009|01|76042100||76||18,00||
|0200|01549|Vidro Laminado Inc 3+3mm|||000001|01|70072900||70||18,00|1003700|
|0200|01717|Caixa Cambio Eaton Ford|78900967||000007|01|||||18,00||
|0200|01380|Pã§s Cortadas No Plasma|||000006|01|||||18,00||
|0200|00674|Cafe Melitta 500g Tradicional Melitta Un|7891021006125||000001|00|09012100||09||18,00||
|0200|00614|Wafer Minueto Limao 115g|7896011103754||000001|00|19053200||19||18,00||
|0200|00613|Wafer  Minueto Morango115g|7896011103747||000001|00|19053200||19||18,00||
|0200|00604|Trink Refresco Laranja 25gr|7896011127019||000001|00|21069010||21||18,00|0301200|
|0200|00598|Refresco Trink 25g Guarana Parati Un|7896011127064||000001|00|21069010||21||18,00|0301200|
|0200|00594|Mortadela Frimesa Bologna 200g Frimesa Un|7896275920838||000001|00|||||18,00||
|0200|00544|Queijo Mussarela Frimesa 200gr|7896275970383||000001|00|||||18,00||
|0200|00538|Minueto Choc  Baunilha 115g|7896011103761||000001|00|||||18,00||
|0200|00763|Mortadela Frimesa S/Toucinho 1k|7896275940355||000001|00|16010000||16||18,00|1707600|
|0200|01730|Guardanapo Mili Bistro 30x29,5cm|7896104994139||000001|01|48183000||48||18,00|2004600|
|0200|01726|Uau Limpa Piso Rosas e Seducao 750ml|7891242001145||000001|01|34022000||34||18,00|1100400|
|0200|01722|Sifao Sanfonado Plasbohn 150cm|7897203418168||000001|01|39172300||39||18,00||
|0200|01721|Panettone Festtone Chocolate 400gr|7896438150300||000001|01|19052010||19||18,00|1705200|
|0200|01720|Leite Integral Aurora 1lt|7891164028237||000001|01|04012010||04||18,00|1701600|
|0200|01719|Rosca De Leite Ninfa 720g|7896111422410||000001|01|19053100||19||18,00||
|0200|01226|Rede Forte Saco Lixo 100lt|7898907847957||000001|01|39232110||39||18,00||
|0200|01054|Wafer Minueto Doce De Leite 115g|7896011108346||000001|01|19053200||19||18,00||
|0200|00896|Parati Rosca De Coco 335g|7896011102696||000001|00|19053100||19||18,00||
|0200|00772|Maionese Hellmanns Sache 400gr|7891150056916||000001|00|21039011||21||18,00|1703900|
|0200|00705|Pao Fatiado 500gr 3 Palmeiras|7898944499010||000001|00|19059090||19||18,00|1703100|
|0200|00615|Melita Filtro De Papel103 c 30|7891021001946||000001|00|||||18,00||
|0200|00611|Apresuntado Frireggio 150g|7898414311125||000001|00|16010000||16||18,00|1707600|
|0200|00605|Wafer Minueto Brigadeiro 150gr|7896011105871||000001|00|19053200||19||18,00||
|0200|00601|Ype Detergente Limao 500 Ml|7896098900222||000001|00|34022000||34||18,00|1100400|
|0200|00589|Wafer Minueto 115g Esp. Ch/Avela Parati Un|7896011104126||000001|00|19053200||19||18,00||
|0200|00545|Apresuntado Frimesa 200gr|7896275900977||000001|00|||||18,00||
|0200|00539|Wafer Minueto Chocolate 115g|7896011103730||000001|00|19053200||19||18,00||
|0200|01729|Conj Colheres Mesa Primavera Verm Martinazz C/3un|7896479940304||000001|01|82159910||82||18,00||
|0200|01728|Conj Garfos Mesa Primavera Verm Martinazz C/3un|7896479940298||000001|01|||||18,00||
|0200|01727|Bolacha Caseira Comum Kg|||000005|01|19059020||19||18,00|1705600|
|0200|01725|Panettone Artesanal Frutas Uniao Kg|||000005|01|19052010||19||18,00|1705200|
|0200|01724|Bala Butter Toffees Leite Condensado 100g|7891118015498||000001|01|17049020||17||18,00||
|0200|01723|Bolacha Maizena Kg|||000001|01|19059020||19||18,00|1705600|
|0200|01718|Palito Dental Bamboo Natural 100un|7898920238060||000001|01|||||18,00||
|0200|01299|Refresco Trink Goiaba 25g|7896011126739||000001|01|21069010||21||18,00|0301200|
|0200|01228|Desinfetante Pinho Bril Pinho 1l|7891022080049||000001|01|38089419||38||18,00|1100100|
|0200|01010|Bolacha Rosca De Leite Condensado Kg|||000005|01|19059020||19||18,00|1705600|
|0200|00930|Refresco Trink 25g Manga Parati Un|7896011127293||000001|01|21069010||21||18,00|0301200|
|0200|00904|Pao Fatiado Padero 480gr|7898947979397||000001|00|19059010||19||18,00|1706000|
|0200|00897|Queijo Fatiado Tirol 150 Gr|7896256600544||000001|00|04061010||04||18,00||
|0200|00738|Refresco Trink 25g Abacaxi Parati Un|7896011127057||000001|00|21069010||21||18,00|0301200|
|0200|00675|Refresco Trink 25g Uva Parati Un|7896011127071||000001|00|21069010||21||18,00|0301200|
|0200|00730|Gasolina Aditivada|||000003|00|27101259||27||18,00|0600200|
|0200|01700|Pincel 1" Trincha - Tigre|||000007|01|96034090||96||18,00||
|0200|01733|Cola Contato Colabras 200gr Brascola|||000007|01|35061090||35||18,00||
|0200|00937|Clips 2/0 500gr - Codigo Fabrica: 3115|7898636470051||000001|01|83059000||83||18,00||
|0200|01271|Marc. Retro Projetor Pilot 2.0 Pr - Codigo Fabrica: 1430007cx012pr|7897424005642||000001|01|96082000||96||18,00|1902800|
|0200|01264|Papel Toalha Center Seck 23x20 C/5000 - Codigo Fabrica: 4399|||000010|01|48182000||48||18,00|2004400|
|0200|01202|Plastico Bolha 1,20 Mt C/ 100 Mt|||000001|01|39232990||39||18,00||
|0200|01734|Kit Portao Seccionado Automatizado Mod Botticelli (branco) 4.834 L. x 2.037 a|||000001|01|73083000||73||0,00|1004700|
|0200|01735|Kit Portão Seccionado Automatizado Mod Michelangelo Claro Res 5.124l l x 2.519 a|||000001|01|73083000||73||0,00|1004700|
|0200|01736|Kit Portao Seccionado Automatizado Mod Botticelli (branco) 10.000 Lx 2.500 a|||000001|01|73083000||73||0,00|1004700|
|0200|01737|Mola Hidraulica Prata a 530 Forca 2|||000007|01|83026000||83||18,00||
|0200|00973|Botina Elast.Bid.Preta C/Bic.Composite n 42 - Bracol|||000011|01|||||18,00||
|0200|01739|Placa Diversos Modelos - Acesso|||000001|01|||||18,00||
|0200|01738|Botina C/Cadarco S/Met. Preta N40 - Bracol/Marluvas|||000001|01|64059000||64||18,00||
|0200|01742|Lombsul Lombo Suino Letavo Kg|||000001|01|02071200||02||18,00||
|0200|01741|Lgmi Iv Ling Suina v Cx 15kg|||000001|01|16010000||16||18,00|1707600|
|0200|01740|I  Kitrfikit20 Rev Fiesta 39855                   Qt:   12|||000001|01|||||18,00||
|0200|01744|Lenovo Dcg Thinksystem St50 Quad Core Xeon E2104g 8gb 1tb - 7y48a00lbr|||000001|01|||||18,00||
|0200|00715|Nobreak|||000001|01|85044040||85||18,00|2103800|
|0200|00991|Trilhos De Aço-Comp 3940 Mm|||000001|01|84831019||84||18,00||
|0200|00995|Guarnicao Lateral  Para Vedacao Borracha De Isopreno De 5.5540 Mm|||000001|01|40026000||40||18,00||
|0200|00996|Eixo Oco Com Canaleta Para Portão Residencial Comprimento 6.000mm|||000001|01|73030000||73||18,00||
|0200|01057|Manual De Instrução Para Montagem De Portãob-Key|||000001|01|48209000||48||18,00|1902500|
|0200|01058|Cobertura Estética De Plástico Key Para Fechamento Do Suporte Do Trilho De Transmissão Por Corrente|||000001|01|39235000||39||18,00||
|0200|01060|Placa EletrÔnica De Telecomando Key Para o Controle Da Movimentação Do Portão De Garagem|||000001|01|85269200||85||18,00||
|0200|01061|Suporte Para Montagem Da Placa EletrÔnica De Telecomando Key|||000001|01|73089090||73||18,00|1005000|
|0200|01065|Tampa Em Plastica Preto Para Perfil Omega|||000005|01|39259090||39||18,00||
|0200|01086|Trilhos De Aco-Al 2750mm|||000005|01|73089090||73||18,00|1005000|
|0200|01462|Perfil 500x80x26 Anguar De Fixação Para Garra De Ancoragem|||000001|01|73089090||73||18,00|1005000|
|0200|01463|Ferramenta Para Roscar Ajustar Molas De Torçao De M-95|||000001|01|82051000||82||18,00||
|0200|01464|Dobradiça Lateral Em Aço Pnt Branca, Sup Roda 110mm|||000001|01|83021000||83||18,00|0102600|
|0200|01465|Suporte Rodas Superior Em Aço Branco, Roda 110mm|||000001|01|39259090||39||18,00||
|0200|01466|Rodinha Em Nylon 46x11x50 Mm|||000001|01|39259090||39||18,00||
|0200|01467|Rodinha Em Nylon 46x11x170 Mm|||000001|01|39259090||39||18,00||
|0200|01468|Perfil Omega Esp.1,5mm  Comp 7200mm Branco|||000001|01|72161000||72||18,00||
|0200|01469|Parafuso  Perfurante Cabeça Exagonal Chata Medidas 6,3x25mm|||000001|01|73181400||73||18,00||
|0200|01470|Parafuso 8x16|||000001|01|73181400||73||18,00||
|0200|01471|Mola Da Torcao 50-5.0 l 3000 Direita|||000001|01|73202010||73||18,00||
|0200|01475|Perfil  "u " Aluminio  20x45x20 l 6500 Madeira Claro|||000001|01|76041021||76||18,00||
|0200|01489|Folha Plana De 4 Cm.  Esp. Poliuretano Revestida Aço Galvanizado Esp 0,5 Mm Branco L11,50mt H0,50 Mt|||000012|01|73089090||73||18,00|1005000|
|0200|01491|Folha Plana 4 Cm Esp Poliuretano Revestida Aço Galvanizado Esp0,5mm Carvalho Claro L11,50mt H0,50 Mt|||000012|01|73089090||73||18,00|1005000|
|0200|01492|Folha Plana 4 Cm Esp Poliuretano Revestida Aço Galvanizado Esp0,5mm Carvalho Claro L11,50mt H0,61 Mt|||000012|01|73089090||73||18,00|1005000|
|0200|01493|Folha Plana 4 Cm Esp Poliuretano Revestida Aço Galvanizado Esp0,5 Mm Carvalho Esc L11,50mt H0,50 Mt|||000012|01|73089090||73||18,00|1005000|
|0200|01745|Trilhos De Aço-Al 3250 Mm|||000001|01|73089090||73||18,00|1005000|
|0200|01746|Folha Plana 4 Cm Esp Poliuretano Revestida Aço Galvanizado Esp0,5 Mm Branco L6,00 Mt H0,61 Mt|||000012|01|73089090||73||18,00|1005000|
|0200|01747|Folha Plana 4 Cm Esp Poliuretano Revestida Aço Galvanizado Esp0,5 Mm Cinza Escuro L11,5 Mt H0,50 Mt|||000012|01|73089090||73||18,00|1005000|
|0200|01748|Kit Trava Quedas Para  Cabo De Aço Dir e Esq Com Suporte Roda Inferior|||000001|01|73089090||73||18,00|1005000|
|0200|01749|Juncao Para Eixo Oco Com Canaleta Com 4 Parafusos|||000001|01|73089090||73||18,00|1005000|
|0200|00033|Trilhos De Aço-Al 2450mm|||000001|01|73089090||73||18,00|1005000|
|0200|00040|Mola Da Torcao 50 5.5 l 3000 Direita|||000001|01|73202010||73||18,00||
|0200|00061|Controles Remotos Key|||000001|01|85269200||85||18,00||
|0200|00062|Trilhos De Aço-Al 2900 Mm|||000001|01|73089090||73||0,00|1005000|
|0200|00066|Rodinha Em Nylon 46x11x115 Mm|||000001|00|39259090||39||0,00||
|0200|00067|Guarnicao Superior (metro)|||000001|01|40026000||40||0,00||
|0200|00068|Guarnicao Inferior (metro)|||000001|01|40026000||40||0,00||
|0200|00074|Trava Molas Direito|||000001|01|73089090||73||0,00|1005000|
|0200|00075|Trava Molas Esquerdo|||000001|01|73089090||73||0,00|1005000|
|0200|00080|Mola De Torcao 67-7 l 3000 Mm Direito|||000001|01|73202010||73||0,00||
|0200|00081|Mola De Torcao 67-7 l 3000 Mm Esquerdo|||000001|01|73202010||73||0,00||
|0200|00159|Tambor Por Elevação  Para Portao M102 3125|||000001|01|73089090||73||0,00|1005000|
|0200|00168|Mola De Torção 67-6,5 L3000 Direita|||000001|01|73202010||73||0,00||
|0200|00169|Mola De Torção 67-6,5 L3000 Esquerda|||000001|01|73202010||73||18,00||
|0200|00198|Dobradiça Residencial Central|||000001|01|83021000||83||18,00|0102600|
|0200|00238|Capa Plastica Exagonal Para Parafuso Perfurante|||000001|01|39259090||39||18,00||
|0200|00239|Dobradica Lateral Em Metal|||000001|01|83021000||83||18,00|0102600|
|0200|00240|Dobradica Central Em Metal|||000001|01|83021000||83||18,00|0102600|
|0200|00244|Perfil Aluminio Ad u 20x45x20 l 6500 9010 Branco|||000001|01|76041021||76||18,00||
|0200|00246|Mola De Torcao 50-5,5 l 3000 Esquerdo|||000001|01|73202010||73||18,00||
|0200|00250|Juncao De Corrente V2 Jedi-L|||000001|01|83026000||83||18,00||
|0200|00824|Suporte Tipo Garra Em Forma De Guancho-Com500mm|||000001|01|73089090||73||18,00|1005000|
|0200|00827|Perfil De Aço Nao Ligado Em Forma u Modelo Casseta- Comp 500mm Al 42 Mm|||000001|01|72161000||72||18,00||
|0200|00828|Perfil De Aço Nao Ligado Em Forma U- Modelo Casseta Comp 610mm Al 42 Mm|||000001|01|72161000||72||18,00||
|0200|00830|Ferramenta Para Roscar Ajustar Molas De Torçao De 50|||000001|01|82051000||82||18,00||
|0200|00988|Trilhos De Aço-Al 3500 Mm|||000001|01|73089090||73||18,00|1005000|
|0200|00989|Perfil Com Forma Geometrica "u" Em Aluminio Cor Preta Comprimento 7000 Mm.|||000001|01|73089090||73||18,00|1005000|
|0200|00990|Par De Fotocélulas Modelo B-Key Utilizados Para Para Identificar Presenças De Pessoas|||000001|01|85269200||85||18,00||
|0200|00001|Tubo 95 x 50 Mm Branco|7894494009105||000013|01|76101000||76||0,00||
|0200|00002|Vidro Fixo Com Aluminio Anod|||000001|01|76101000||76||0,00||
|0200|00008|Manual De Instrucoes Montagem|||000001|01|48209000||48||0,00|1902500|
|0200|00012|Painel Grafite Da Vinci  Altura 500|||000012|00|72124010||72||0,00||
|0200|00013|Perfil Omega Sp 1mm 7200 Branco|||000001|01|72124010||72||0,00||
|0200|00015|Dispositivo Anti-Quebra Molas Para Eixo De 25,4 Mm Direto|||000001|01|73269090||73||0,00||
|0200|00016|Dispositivo Anti-Quebra Molas Para Eixo De 25,4 Mm Esquerdo|||000001|01|73269090||73||0,00||
|0200|00019|Componentes Eletricos Para Portas|||000001|01|85269200||85||0,00||
|0200|00021|Tubo 95 x 50 Mm Preto|7894494009082||000013|01|76101000||76||0,00||
|0200|00023|Folder - Portas Blindadas|||000001|01|||||0,00||
|0200|00026|Came Cor Vermelha|||000001|01|39269090||39||0,00|1301600|
|0200|00029|Painel Madeira Claro Michelangelo 500|||000012|00|72124010||72||18,00||
|0200|00030|Painel Madeira Claro Michelangelo 610|||000012|00|72124010||72||0,00||
|0200|00031|Painel Madeira Escuro Michelangelo 610|||000012|00|72124010||72||0,00||
|0200|00034|Perfil Inf/Sup Para Portao Seccionado Cor Preto Fosco|||000001|01|73089090||73||0,00|1005000|
|0200|00035|Trava Quedas Para Portoes Seccionados Residenciais|||000001|01|73089090||73||0,00|1005000|
|0200|00036|Perfis Para Porta Pedestre Quadro Externo Fixo  6,5 Metros|||000001|01|73089090||73||0,00|1005000|
|0200|00037|Perfis Para Porta Pedestre Quadro Interior Movel 6,5 Metros|||000001|01|73089090||73||0,00|1005000|
|0200|00038|Acessorios Para Instalacao De Porta Pedestre|||000001|01|73089090||73||0,00|1005000|
|0200|00042|Destravador De Emergencia|||000001|01|73269090||73||0,00||
|0200|00043|Juncao De Corrente|||000014|01|83026000||83||18,00||
|0200|00045|Placa Eletronica 230v|||000001|01|90329010||90||18,00||
|0200|00046|Plugue Receptor|||000001|01|90329099||90||0,00||
|0200|00047|Kit Nobreaks|||000001|01|73269090||73||0,00||
|0200|00048|Receptor De Externo Monocanal V2|||000001|01|90329099||90||0,00||
|0200|00049|Receptor Pd22-230bv|||000001|01|90329099||90||0,00||
|0200|00050|Folder - Portas De Garagem|||000001|01|49111090||49||0,00||
|0200|00053|Bobina Papel Ondulado De 1 20cm.|||000005|01|||||0,00||
|0200|00060|Painel Madeira Escuro Michelangelo 500|||000012|00|72124010||72||0,00||
|0200|00065|Perfil Inf/Sup Aluminio Preto l 7000 Mm|||000001|01|73089090||73||18,00|1005000|
|0200|00072|Tambor Para Porta M162|||000001|01|73089090||73||0,00|1005000|
|0200|00073|Tambor Para Porta M146|||000001|01|73089090||73||0,00|1005000|
|0200|00077|Mola De Torcao 50-5,5 l 3000 Mm Sx|||000001|01|73202010||73||0,00||
|0200|00079|Receptor De Externo Bi-Canal V2|||000001|01|90329099||90||0,00||
|0200|00082|Caixilho Central Mod. Valida Sem Revestimento 90x210|||000001|01|73089090||73||0,00|1005000|
|0200|00083|Caixilho Central De Porta Mod. Valida Sem Revestim. 110x210|||000001|01|73089090||73||0,00|1005000|
|0200|00084|Porta Mod. Valida Revestida 90x210|||000001|01|73089090||73||0,00|1005000|
|0200|00085|Porta Mod.Valida Revestida 110x210|||000001|01|73089090||73||0,00|1005000|
|0200|00086|Caixilho Central De Porta Mod. Perseo Sem Revestim. 90x210|||000001|01|73089090||73||0,00|1005000|
|0200|00087|Caixilho Central De Porta Mod. Perseo Sem Revestim. 110x210|||000001|01|73089090||73||0,00|1005000|
|0200|00088|Porta Mod. Perseo Revestida 90x210|||000001|01|73089090||73||0,00|1005000|
|0200|00089|Porta Mod. Perseo Revestida 110x210|||000001|01|73089090||73||18,00|1005000|
|0200|00092|Tubo 50x50 Mm Branco|7894494008986||000013|01|76101000||76||0,00||
|0200|00106|Painel Ch Aco Enr c Pu Ba Sao Paulo Branco Ral 9010 Mod Boticelli|||000012|00|72124010||72||0,00||
|0200|00107|Painel Branco Botticelli 610|||000012|00|72124010||72||0,00||
|0200|00108|Perfil Omega Sp.1mm Comprimento 9000mm Branco|||000001|01|72124010||72||0,00||
|0200|00109|Carter Cobre Molas l 3300 Ral 9010|||000001|01|39259090||39||0,00||
|0200|00110|Kit Mandril Per Mola 50|||000001|01|82041200||82||0,00||
|0200|00111|Kit Mandril Per Mola 67|||000001|01|82041200||82||0,00||
|0200|00112|Soleira Rebaixada Barra De 6 Mt|||000001|01|84831019||84||0,00||
|0200|00113|Guarnicao Para Soleira Rebaixada|||000001|01|40026000||40||0,00||
|0200|00114|Plastico Preto Para Soleira Rebaixada|||000001|01|39259090||39||0,00||
|0200|00115|Guarnicao Mousse|||000001|01|40026000||40||0,00||
|0200|00116|Folder Seip|||000001|01|49111090||49||0,00||
|0200|00117|Folder Silverlox Do Brasil|||000001|01|49111090||49||0,00||
|0200|00120|Guarnicao Inferior Porta Pedonal|||000001|01|40026000||40||0,00||
|0200|00139|Painel Prata Tintoretto Altura 500|||000012|00|72124010||72||18,00||
|0200|00140|Painel Prata Tintoretto Altura 610|||000012|00|72124010||72||18,00||
|0200|00142|Painel Branco Giotto Altura 610|||000012|00|72124010||72||18,00||
|0200|00143|Painel Industrial Galileo Altura 500|||000012|00|72124010||72||0,00||
|0200|00144|Painel Industrial Galileo Altura 610|||000012|00|72124010||72||18,00||
|0200|00149|Pf Flange Ph 4,2x13 Pb Import|||000015|01|73181400||73||18,00||
|0200|00150|Automatizador Seccional Marca: Mega Mod.: Mg-80 A-Ind 220v|||000001|01|||||18,00||
|0200|00157|Dispositivo Anti-Quebra Molas Industrial - Kit|||000001|01|73269090||73||18,00||
|0200|00160|Tambor Para Porta M134|||000001|01|73089090||73||18,00|1005000|
|0200|00161|Tambor Para Porta M155|||000001|01|73089090||73||18,00|1005000|
|0200|00162|Tambor Para Porta M280|||000001|01|73089090||73||18,00|1005000|
|0200|00163|Tambor Para Guilhotina|||000001|01|73089090||73||18,00|1005000|
|0200|00165|Eixo Maciço 6 Mt|||000001|01|73089090||73||18,00|1005000|
|0200|00167|Eixo Oco Redondo  6mt|||000001|01|73089090||73||18,00|1005000|
|0200|00170|Mola De Torção 67-7,5 L3000 Direita|||000001|01|73202010||73||0,00||
|0200|00171|Mola De Torção 67-7,5 L3000 Esquerda|||000001|01|73202010||73||18,00||
|0200|00172|Mola De Torção 95-8,5 L1500 Direita|||000001|01|73202010||73||0,00||
|0200|00173|Mola De Torção 95-8,5 L1500 Esquerda|||000001|01|73202010||73||18,00||
|0200|00174|Mola De Torção 152-11,00 L1500 Direita|||000001|01|73202010||73||18,00||
|0200|00175|Mola De Torção 152-11,00 L1500 Esquerda|||000001|01|73202010||73||18,00||
|0200|00180|zCaixilho Central Mod. Perseo Sem Revestimento 90x210|||000001|01|73089090||73||18,00|1005000|
|0200|00181|Zcaixilho Central Mod. Perseo Sem Revestimento 110x210|||000001|01|73089090||73||18,00|1005000|
|0200|00185|Suporte Roda Superior Aço|||000001|01|73089090||73||18,00|1005000|
|0200|00186|Suporte Roda Superior Industrial|||000001|01|73089090||73||18,00|1005000|
|0200|00191|Guarnição Lateral *vertical|||000001|01|40026000||40||18,00||
|0200|00193|Amortecedor Abertura Portão Industrial|||000001|01|73089090||73||18,00|1005000|
|0200|00200|Dobradiça Industrial Central|||000001|01|83021000||83||18,00|0102600|
|0200|00201|Dobradiça Industrial Lateral|||000001|01|83021000||83||18,00|0102600|
|0200|00203|Perfil Curvas Direita|||000001|01|72124010||72||18,00||
|0200|00204|Perfil Curvas Esquerda|||000001|01|72124010||72||18,00||
|0200|00205|Dispositivo Anti-Quebra Molas Residencial Direito|||000001|01|73269090||73||18,00||
|0200|00206|Dispositivo Anti-Quebra Molas Residencial Esquerdo|||000001|01|73269090||73||18,00||
|0200|00207|Tubo 100 x 50 Mm Branco|7894494009075||000013|01|76101000||76||18,00||
|0200|00226|Grade De Ventilacao|||000001|01|39259090||39||18,00||
|0200|00228|Painel Modelo Da Vinci Comprimento 9500 Mm Altura 500|||000001|01|72124010||72||18,00||
|0200|00230|Painel Color Madeira Claro Rdr Comprimento 9500 Al 610|||000001|01|72124010||72||18,00||
|0200|00231|Painel Color Madeira Rdr Comprimento 9500 Altura 500|||000001|01|72124010||72||18,00||
|0200|00232|Trilho Segmento Unico Portao Seccionado De 3800mm|||000001|01|84831019||84||18,00||
|0200|00233|Par Trilho Horizontal + Trilho Vertical Com Altura De 3250 Mm h 150 Mm|||000001|01|73089090||73||18,00|1005000|
|0200|00234|Par Trilho Horizontal + Trilho Vertical Com Altura De 2450 Mm 150 Mm|||000001|01|73089090||73||18,00|1005000|
|0200|00235|Par Trilho Horizontal + Trilho Vertical De 2900mm h 150mm|||000001|01|73089090||73||18,00|1005000|
|0200|00236|Par Trilho Horizontal + Trilho Vertical De 3500 Mm h 250mm|||000001|01|73089090||73||18,00|1005000|
|0200|00237|Parafuso Autoforante|||000001|01|73181400||73||18,00||
|0200|00241|Tubolar Aluminio 150x30x2,5 Simil Madeira Carvalho Claro Dl 6550 Mm|||000001|01|76041021||76||18,00||
|0200|00242|Tubular Aluminio 100x30x2,0 Cor Simil Madeira Carvalho Claro Dl 89 l 3050 Mm|||000001|01|76041021||76||18,00||
|0200|00243|Perfil Aluminio Ad u 20x45x20 l 6500 Carvalho Claro|||000001|01|76041021||76||18,00||
|0200|00245|Par De Trava Quedas Residencial|||000001|01|73089090||73||0,00|1005000|
|0200|00247|Mola De Torcao 50-5,5 l 3000 Direitodx|||000001|01|73202010||73||18,00||
|0200|00248|Mola De Torcao 50-6 l 3000 Direito|||000001|01|73202010||73||18,00||
|0200|00249|Mola De Torcao 50-6 l 3000 Esquerdo|||000001|01|73202010||73||18,00||
|0200|00251|Vistas Para Porta|||000001|01|73089090||73||18,00|1005000|
|0200|00252|Kit Portas  Social Modelo a|||000001|01|73089090||73||18,00|1005000|
|0200|00258|Rebite Porca 8mm Import|||000015|01|73181600||73||18,00||
|0200|00272|Tg-510 Tubo 100,00 x 50,00 x 1,45 Com 3 Metros Branco|||000009|01|||||18,00||
|0200|00297|Kit Stand Seip Brasil|||000001|01|48205000||48||0,00|1902400|
|0200|00304|Controle Remoto V2|7896637625708||000004|01|85269200||85||17,00||
|0200|00306|Kit Deslizante Semi Industrial Max 220v S/ Cremalheiras|||000004|01|84798999||84||18,00||
|0200|00308|Folder Seip Brasil|||000001|01|49111090||49||18,00||
|0200|00330|Painel Fixo De Veneziana|||000001|01|76101000||76||18,00||
|0200|00331|Branco Brilhante Sintetico Spray Suvinil|||000001|01|||||18,00||
|0200|00336|Cabo 4 Pares Multilan  24awg Cat5 Prysmian Cmx|||000016|01|85444900||85||18,00||
|0200|00359|Pa Sx Ac Rs 1/4 x 50 Rp Zb|7892261000461||000017|01|73181500||73||18,00||
|0200|00412|Trilho Segmento Unico Para Portão Seccioando|||000001|01|84831019||84||18,00||
|0200|00429|Canaleta|||000001|01|73145000||73||18,00|0111000|
|0200|00472|Sch Dxn10031 Canaleta Dexson 13x7mm C/ Adesivo|||000007|01|||||18,00||
|0200|00481|Trilho Horizontal -Trilho Vertical 3250 Mm|||000001|01|73089090||73||18,00|1005000|
|0200|00496|Receptora Srx 102 Pulso Ou Retencao 12v a 24v "com Regime"|7898911419416||000004|01|||||18,00||
|0200|00500|Acm Tecnobond Chapa Polieter 3 Mm|7894494015847||000001|01|||||18,00||
|0200|00519|Cabo Utp Cat5.E 4px24 Awg Cmx 305m Impact Lan Il5caz|7896637687317||000007|01|85444900||85||18,00||
|0200|00559|Automatizador Seccional Marca: Mega Mod.Mg-100 - Res 220v|||000001|01|84798999||84||18,00||
|0200|00560|Trilho Em Tubo De Aluminio Medida: 3,5 Metros Da Caixa De Transmissao Por Corrente Para|||000001|01|||||18,00||
|0200|00582|Sch Dxn10051 Canaleta Dexson 20x12cm Bca 2m|||000007|01|39162000||39||18,00|1900200|
|0200|00647|Pf Sx Sob 6,3x19 S/Arr Fenda|||000015|01|73181100||73||18,00||
|0200|00696|Aneis De Pistao|||000001|01|||||18,00||
|0200|00699|Cabo Utp Cat5.E 4px24 Awg Cmx 305m Impact Lan Il5caz-Intelbras|||000007|01|85444900||85||18,00||
|0200|00716|Painel Modelo Sao Paulo  Alt 500|||000001|00|72124010||72||18,00||
|0200|00717|Par Fotocelulas V2|||000001|01|85269200||85||18,00||
|0200|00718|Painel Modelo Sao Paulo  Alt 610|||000001|01|72107010||72||18,00||
|0200|00719|Painel Color Madeira Claro Rdr|||000001|01|72107010||72||18,00||
|0200|00728|Perfil Especial Industrializado|||000005|01|||||18,00||
|0200|00758|Vidro Fixo Com Aluminio Anod.|||000001|01|76101000||76||18,00||
|0200|00797|Pf Sx Sob 6,3x25 S/Arr|||000015|01|73181100||73||18,00||
|0200|00822|Painel Palno De Aço Nao Ligado Comp 8000mmx 500mm Al|||000016|01|72124010||72||0,00||
|0200|00823|Painel Palno De Aço Nao Ligado Comp 5800mmx 500mm Al|||000016|01|72124010||72||0,00||
|0200|00825|Kit Portas Social Modelo b|||000001|01|73089090||73||18,00|1005000|
|0200|00826|Carter Ou Cobertura De Plastico Comp 3.300mm|||000001|01|39259090||39||18,00||
|0200|00829|Perfil Com Forma Geometrica  U-600mm|||000001|01|72161000||72||18,00||
|0200|00831|Ferramenta Para Roscar Ajustar Molas De Torçao De 67|||000001|01|82051000||82||18,00||
|0200|00832|Mola De Torcao 98-8 l 3000 Mm Direito|||000001|01|73202010||73||18,00||
|0200|00833|Mola De Torcao 98-8 l 3000 Mm Esquerdo|||000001|01|73202010||73||18,00||
|0200|00834|Mola De Torcao 98-8,5 l 3000 Mm Direito|||000001|01|73202010||73||18,00||
|0200|00835|Mola De Torcao 98-8,5 l 3000 Mm Esquerdo|||000001|01|73202010||73||18,00||
|0200|00842|Movimentador B130 220v Af Mov..Corrente|||000001|01|84798999||84||18,00||
|0200|00843|Fotocelula F30 Plus|||000001|01|||||18,00||
|0200|00846|Calha Metro|||000001|01|84799090||84||18,00||
|0200|00892|Telefone Intelbras Sem Fio - Ts2510 - Codigo Fabrica: 4122510|7896637678483||000001|01|||||18,00||
|0200|00912|Thinner 82880 1lt|||000001|01|38140090||38||18,00||
|0200|00913|Bucha Bnk 8 Mm|7892261447204||000008|01|39269090||39||18,00|1301600|
|0200|00914|Ponteira Dupla Ph 1/4 x 65|7892261567841||000008|01|82079000||82||18,00||
|0200|00915|Cola Instantaneo Worker 20 g|7899384989246||000008|01|35061090||35||18,00||
|0200|00916|Aditivo Para Radiador Litro Radiex|||000003|01|27101932||27||18,00||
|0200|00917|Sensor Do Filtro De Particulas|||000001|01|||||18,00||
|0200|00918|Interruptor De Oleo|||000001|01|||||18,00||
|0200|00919|Oleo 15 w 40 Top Turbo|||000003|01|27101932||27||18,00||
|0200|00920|Cola De Silicone Para Vedacao|||000001|01|32141010||32||18,00||
|0200|00921|Filtro Do Oleo h|||000001|01|||||18,00||
|0200|00922|Vareta Nivel Oleo|||000001|01|||||18,00||
|0200|00923|Convergedor De Vent|||000001|01|87089990||87||18,00||
|0200|00924|Pf Fr Zb 5/16x 2.1/2 C/Po|||000015|01|73181500||73||18,00||
|0200|00925|Veja Limpeza Pesada 500ml C.Ativo 20% D. Reckitt Benck. Un|7891035285196||000001|01|34022000||34||18,00|1100400|
|0200|00926|Apresuntado Frimesa Frilanche Fat. 200g Frimesa Un|7896275900984||000001|01|16024900||16||18,00||
|0200|00927|Margarina Delicia 500g S/Sal Bunge Alimentos Un|7891080400070||000001|01|15171000||15||18,00|1702600|
|0200|00928|Bisc. Parati Rosca 300g Milho Verde Parati Un|7896011100272||000001|01|19053100||19||18,00||
|0200|00929|Refresco Trink 25g Maca Parati Un|7896011108469||000001|01|21069010||21||18,00|0301200|
|0200|00932|Regua Plastico 30cm Waleu - Codigo Fabrica: 488|7897294412328||000001|01|90172000||90||18,00|0802100|
|0200|00933|Cola Bastao Maxprint 22g - Codigo Fabrica: 74 2329|7897975056674||000001|01|||||18,00||
|0200|00934|Tesoura Escolar Acrilex Cabo Preto - Codigo Fabrica: 225270000|7891153096001||000001|01|82130000||82||18,00||
|0200|00935|Extrator De Grampos Maxprint - Codigo Fabrica: 71 3177|||000001|01|82141000||82||18,00|2005400|
|0200|00936|Env 162x229 Branco - Codigo Fabrica: 1360|7896212688234||000001|01|48171000||48||18,00||
|0200|00938|Agenda Anual Cost 160f Percalux - Codigo Fabrica: 000000000000009806|7891321098066||000001|01|48201000||48||18,00|1902000|
|0200|00939|Lixeira Plasvale Basculante 30l Branca - Codigo Fabrica: 3790|||000001|01|39249000||39||18,00|1100900|
|0200|00940|Porta Lapis/Clips/Lembrete Cristal Waleu - Codigo Fabrica: 2845|7897294404538||000001|01|39261000||39||18,00|1900400|
|0200|00941|Toalheiro Premisse Clean/Velox Branco - Codigo Fabrica: 4036|7898912018090||000001|01|39259090||39||18,00||
|0200|00942|Copo Copobras 50ml Branco C/100un - Codigo Fabrica: 3699|||000018|01|39241000||39||18,00|1100900|
|0200|00943|Cesto Telado Kit Aramado Preto - Codigo Fabrica: 7073|7890265917853||000001|01|73269090||73||18,00||
|0200|00944|Saco P/ Lixo Rolo Preto 15l C/100 - Codigo Fabrica: 7213|7890905700012||000018|01|39232190||39||18,00||
|0200|00945|Saco P/ Lixo Rolo Preto 40l Economico C/100 - Codigo Fabrica: 7208|7890905300014||000018|01|39232190||39||18,00||
|0200|00946|Grampeador Cis C-10 P/25 Fls - Codigo Fabrica: 371|7896326926147||000001|01|84729040||84||18,00||
|0200|00954|Cabo De Forca P/ Led - 9433 Gaya|||000007|01|||||18,00||
|0200|00955|Conector Sindal 06.00mm Nylon|||000007|01|||||18,00||
|0200|00956|Fio Paralelo 2x1.5mm|||000016|01|85444900||85||18,00||
|0200|00957|Fita Dupla Face 12mm x 20m - 3m H0002317883|||000007|01|35061090||35||18,00||
|0200|00958|Fita Isolante 20m Preta Fame|||000002|01|39191020||39||18,00||
|0200|00959|Gaya Fita De Led 4,8w 127v 6500k Ip65 - 9414|||000016|01|||||18,00||
|0200|00960|No Break 600va Ent. Bivolt Mini Saida 220v Nhs|||000007|01|85044040||85||18,00|2103800|
|0200|00961|Pezzi Plug Femea 2p+t 20a 1097-3 Cinza|||000007|01|||||18,00||
|0200|00962|Plug Te 3p 345pr Perlex|||000007|01|85366990||85||18,00||
|0200|00963|Acm|||000001|01|76109000||76||18,00||
|0200|00964|Lixeira Plasvale Basculante 30l Azul - Codigo Fabrica: 7434|7891115722436||000001|01|39249000||39||18,00|1100900|
|0200|00965|Grampo Masterprint 26/6 Galvanizado C/5000 - Codigo Fabrica: 2662|7898119104312||000001|01|83052000||83||18,00||
|0200|00966|Lamina P/ Estilete Largo Masterprint 18mm C/ 10 Mp452 - Codigo Fabrica: 308010002|7898119104589||000001|01|82119400||82||18,00||
|0200|00967|Alcool Gel H2o Valvula Pump Neutro 6x440gr - Codigo Fabrica: 10500|7898201576546||000001|01|||||18,00||
|0200|00968|Adocante Zero Cal Liq 100ml - Codigo Fabrica: 305381|7896094910904||000001|01|||||18,00||
|0200|00969|Saco P/ Lixo Rolo Preto 30l C/100 - Codigo Fabrica: 7212|7890905800019||000018|01|39232190||39||18,00||
|0200|00970|Mexedor Pequeno C/500 Msp-800|||000001|01|39241000||39||18,00|1100900|
|0200|00971|Chave Comb Robust 13mm Import|||000001|01|||||18,00||
|0200|00972|Estopa Cor 1|||000005|01|52021000||52||18,00||
|0200|00974|Deseng Mp1 321ml 193g|||000001|01|38249941||38||18,00||
|0200|00978|Balcao Sob Medida Comelli|||000004|01|94036000||94||18,00||
|0200|00979|Pia Ghelplus Cuba 1 20 Conc|7895171000408||000001|01|||||18,00||
|0200|00980|Pneu 185/60 r 14 Firehawk 700 Firestone|||000001|01|40111000||40||18,00|1600100|
|0200|00981|Valvula De Bico Tr 414|||000001|01|84818099||84||18,00||
|0200|00992|Tampa Em Plastica Preto Para Perfil Omega|||000001|01|39259090||39||0,00||
|0200|00993|Separador 5mm Rall 9006 Para Rodas De 11mm|||000001|01|39259090||39||18,00||
|0200|00994|Manilha Em Plastico Preta|||000001|01|39259090||39||18,00||
|0200|00998|Trink Refresco Maracuja 30g|7896011127033||000001|01|21069010||21||18,00|0301200|
|0200|00999|Guardanapo Mili 21x22|7896104999905||000001|01|48183000||48||18,00|2004600|
|0200|01000|Rede Forte Pao Fatiado Extra Macio 500gr|7898944499669||000001|01|||||18,00||
|0200|01001|Presunto Cozido Fatiado Frireggio 150g|7898414311132||000001|01|||||18,00||
|0200|01002|Papel Higienico Paloma Neutro 4 C/ 30m|7896026838245||000001|01|48181000||48||18,00|2004200|
|0200|01003|Apontador Tris Un|7897476659602||000001|01|82141000||82||18,00|2005400|
|0200|01004|Biscoito Polvilho Tick Titos Argolao 160g|7898933261017||000001|01|19059090||19||18,00|1703100|
|0200|01005|Papel Higienico Personal Vip Fd L12 P11 30m|7896110008653||000001|01|48181000||48||18,00|2004200|
|0200|01006|Rosca Cappuccino Casaredo 330g|7896408443999||000001|01|19053100||19||18,00||
|0200|01007|Bala Pacoquinha Santa Helena 140g|7896336002824||000001|01|||||18,00||
|0200|01008|Gel Adesivo Aplik Pinho 7g|7898937892248||000001|01|34022000||34||18,00|1100400|
|0200|01009|Vassoura Paulistinha Popular|7898311540451||000001|01|96039000||96||18,00||
|0200|01011|Biscoito Rosca De Coco Casaredo 650g|7896408439725||000001|01|19053100||19||18,00||
|0200|01012|Esponja Multiuso Bombril L4p3|7891022859812||000001|01|68053090||68||18,00|1100900|
|0200|01013|Balde Plastico Plasnew 13,6l|7897848701809||000001|01|39249000||39||18,00|1100900|
|0200|01014|Alcool Araucaria 46 1l|7898172662149||000001|01|22071090||22||18,00||
|0200|01015|Saco Xadrez Textilmax 90x65cm|7898558360164||000001|01|||||18,00||
|0200|01016|Flanela Belmondi 39x59cm|7898919084173||000001|01|63071000||63||18,00||
|0200|01017|Disco De Corte Inox 4"|||000008|01|||||18,00||
|0200|01018|Bucha Plast N. 8 Pol|7892261101687||000008|01|39269090||39||18,00|1301600|
|0200|01027|Branco-Perf.Alum.Tubo Retang 95 x 50,8  Ptg 070|||000009|01|76042100||76||18,00||
|0200|01028|Preto-Perf.Alum.Tubo Retang 152,4 x 50,8  Ptg 041|||000001|01|76042100||76||18,00||
|0200|01030|10.09 - Representacao De Qualquer Natureza, Inclusive Comercial - Pedido 700, Mms Participacoes|||000001|01|||||18,00||
|0200|01032|Agua Min.Cristal Azul 510ml S/Gas Cristal Azul Un|7896813600239||000001|01|22011000||22||18,00|0300100|
|0200|01033|Agua Min.Cristal Azul 510ml C/Gas Cristal Azul Un|7896813600246||000001|01|22011000||22||18,00|0300100|
|0200|01034|Refr. Guarana Champ. Lata 350ml C/12 Antarctica Un|7891991002189||000001|01|22021000||22||18,00|0300700|
|0200|01035|Copo Acrilico Cristal Martelado 350ml Xplast Un|||000001|01|39241000||39||18,00|1100900|
|0200|01036|Flanela Panosul 34*50 R.002 Panosul Un|7896943200101||000001|01|63071000||63||18,00||
|0200|01037|Refr. Coca Cola 2lt Coca Cola Un|7894900011517||000001|01|22021000||22||18,00|0300700|
|0200|01038|Bisc. Casaredo 280g Rosca Brigadeiro Nutrisul Un|7896408443982||000001|01|19053100||19||18,00||
|0200|01039|Pao Zl Frances Kg Zilio Leonardi Kg|||000005|01|19059090||19||18,00|1703100|
|0200|01040|Apresuntado Perdigao Fat.200g Perdigao Un|7891515435134||000001|01|16024900||16||18,00||
|0200|01041|Agua Min.Crystal Coca 500ml S/Gas Coca Cola Un|7894900530001||000001|01|22011000||22||18,00|0300100|
|0200|01042|Agua Min.Crystal Coca 500ml C/Gas Coca Cola Un|7894900531008||000001|01|22011000||22||18,00|0300100|
|0200|01043|Desinf. Pinho Bril 500ml Plus Bombril Un|7891022080025||000001|01|38089419||38||18,00|1100100|
|0200|01044|Veja Multi-Uso 500ml 10% Desc. Campestre Reckitt Benck. Un|7891035285158||000001|01|34022000||34||18,00|1100400|
|0200|01045|Bisc. Isabela 400g Kuki Isabela Un|7896022054359||000001|01|19053100||19||18,00||
|0200|01046|Sabonete Liq. Tacto 700ml Acai/Fr. Tacto Un|7897331300052||000001|01|34013000||34||18,00|2003700|
|0200|01048|Sazon Tempero Carnes 60gr|7891132019281||000001|01|21039021||21||18,00|1703500|
|0200|01049|Escova P/Unhas Condor|7891055500903||000001|01|||||18,00||
|0200|01050|Alcool Araucaria 92,8 1l|7898172662101||000001|01|22071090||22||18,00||
|0200|01051|Zaeli Pipoca  Americana 500g|7896183909123||000001|01|19059090||19||18,00|1703100|
|0200|01052|Leite Integral Pia 1l|7896348841480||000001|01|04012010||04||18,00|1701600|
|0200|01053|Sabao Alcool Cristo Rei 300gr|7898465050202||000001|01|28289011||28||18,00|1100100|
|0200|01107|D240  Desl. Europa Acopl 1 4 Cv Ip00 220|||000001|01|84798999||84||18,00||
|0200|01108|Cremalheira Montada 1 5m Cantoneira Galv|||000001|01|84799090||84||18,00||
|0200|01109|B500m Maquina Speedy  Portao Basc.Micro|||000001|01|84798999||84||18,00||
|0200|01110|Calha Corrente Montada3 0m|||000001|01|84799090||84||18,00||
|0200|01111|Broca Sds Plus 8 x 160 Mm|7892261454905||000008|01|82075011||82||18,00||
|0200|01112|Broca Sds Plus 6 x 160|7892261454899||000008|01|82075011||82||18,00||
|0200|01113|Tinta Preta Preto Fosco|7898543380917||000008|01|32082019||32||18,00||
|0200|01114|Broca Aco Rap. 6 Mm|7892261538995||000008|01|82075011||82||18,00||
|0200|01115|Broca Aco Rap. 4 Mm|7892261538339||000008|01|82075011||82||18,00||
|0200|01116|Paraf. Fix.Ch. Ph 6,0 x 70 Bc|7892261320767||000008|01|73181200||73||18,00||
|0200|01117|Pa Sx Ac Rs 5/16 x 50 Rp Zb|7892261000867||000008|01|73181500||73||18,00||
|0200|01118|Batente 3,30m|||000001|01|73030000||73||18,00||
|0200|01119|Trilho 7,5 m|||000001|01|73030000||73||18,00||
|0200|01121|Cabo Pp 3x1.00mm 500v|||000016|01|85444900||85||18,00||
|0200|01122|Fita Isolante 20m Preta 2000-En/Eb Enerbras|||000002|01|39191020||39||18,00||
|0200|01123|Serra Copo 19mm Mtx Import|||000001|01|82029990||82||18,00||
|0200|01124|Alicate Pressao Ged 137-10|||000001|01|82032010||82||18,00||
|0200|01125|Rebitador Lusofix Rr20|||000001|01|82055900||82||18,00||
|0200|01126|Lapis Carpinteiro Sparta Import|||000001|01|96091000||96||18,00||
|0200|01127|Trena Gold 7,5x25 Emborrachada Import|||000001|01|||||18,00||
|0200|01128|Chave Ph Lja 3x100|||000001|01|82054000||82||18,00||
|0200|01129|Chave Ph Amar 3/16x6|||000001|01|82054000||82||18,00||
|0200|01130|Chave Fenda Amar 1/8x 5|||000001|01|82054000||82||18,00||
|0200|01131|Chave Fenda Gedore 1/4x 5|||000001|01|82054000||82||18,00||
|0200|01132|Esquadro Aluminio 12 Mtx Import|||000001|01|90172000||90||18,00|0802100|
|0200|01133|Cadeado Gold 35mm Latao|||000001|01|||||18,00||
|0200|01134|Correia Alt|||000001|01|||||18,00||
|0200|01135|Interruptor Temperatura|||000001|01|84835090||84||18,00||
|0200|01136|Filtro Lubrificante Hr/ K2500/ Besta Gs2.7/3.0|||000001|01|84212300||84||18,00|0103700|
|0200|01138|Regua Waleu 30cm New Line Cristal|||000001|01|90172000||90||18,00|0802100|
|0200|01139|Porta Lapis/Clips/Lembrete Fume Waleu - Codigo Fabrica: 3185|7897294404446||000001|01|39261000||39||18,00|1900400|
|0200|01140|Lixeira Plasvale 62l 177 - Codigo Fabrica: 177|||000001|01|39249000||39||18,00|1100900|
|0200|01141|Dispensador Fita Larga Masterprint Mp901 - Codigo Fabrica: 327010002|||000001|01|84223029||84||18,00||
|0200|01142|Calculadora Masterprint 12 Digitos Mp1086 - Codigo Fabrica: 301010024|7898119103605||000001|01|84701000||84||18,00||
|0200|01143|Corretivo Liquido Brw 18ml - Codigo Fabrica: 3020|7898613211455||000001|01|||||18,00||
|0200|01144|Pincel Atomico Compactor Az - Codigo Fabrica: 000882001|7896572013547||000001|01|96082000||96||18,00|1902800|
|0200|01145|Pincel Atomico Compactor Pr - Codigo Fabrica: 000882004|7896572013523||000001|01|96082000||96||18,00|1902800|
|0200|01146|Pincel Atomico Compactor Vm - Codigo Fabrica: 000882002|7896572013561||000001|01|96082000||96||18,00|1902800|
|0200|01147|Prancheta Duratex Stalo Prend Zinco - Codigo Fabrica: 249|7898449082892||000001|01|44219900||44||18,00||
|0200|01148|Saco Plastico Dac S/ Furo Fino (cx 1000) - Codigo Fabrica: 7795|7897237310698||000001|01|39232990||39||18,00||
|0200|01149|Vassoura De Palha - Codigo Fabrica: 5974|||000001|01|||||18,00||
|0200|01150|Pasta Ae Of Fume - Codigo Fabrica: 632|7896644715768||000001|01|42021210||42||18,00||
|0200|01151|Lixeira Bralimpia 15l Pedal Branco - Codigo Fabrica: 9045|||000001|01|39229000||39||18,00||
|0200|01152|Pa P/ Lixo Superpro Jeitosa C/Cabo - Codigo Fabrica: 9253c|7898509280824||000001|01|39249000||39||18,00|1100900|
|0200|01153|Balde Superpro Oval 19l - Codigo Fabrica: 8040|7898509282514||000001|01|39249000||39||18,00|1100900|
|0200|01154|Saco P/ Lixo Rolo Azul 60l 60 x 70 Econ C/100 - Codigo Fabrica: 3684|7891172500015||000018|01|39232190||39||18,00||
|0200|01155|Saco P/ Lixo Rolo Azul 40l Economico C/100 - Codigo Fabrica: 7287|7891172600012||000018|01|39232190||39||18,00||
|0200|01156|Marc. Retro Projetor Pilot 1.0 Pr - Codigo Fabrica: 1430006cx012pr|7897424006540||000001|01|96082000||96||18,00|1902800|
|0200|01157|Tinta Brw P/ Pincel Atomico Preto 20m - Codigo Fabrica: Tr7002|7898613213275||000001|01|||||18,00||
|0200|01159|Graxa Ca2 Alta Perf. 500 g|7899009011666||000008|01|||||18,00||
|0200|01160|Nivel De Aluminio 30 Cm|||000008|01|||||18,00||
|0200|01161|Estilete 18 Mm|7899009011116||000008|01|82119390||82||18,00||
|0200|01162|Soquete Magnetico Sx 7/16 x 65|7892261535789||000008|01|82055900||82||18,00||
|0200|01163|Chave Comb. 11 Mm|||000008|01|82041100||82||18,00||
|0200|01164|Chave Comb. 10 Mm|||000008|01|82041100||82||18,00||
|0200|01165|Broca Aco Rap. 8,5 Mm|7892261539053||000008|01|82075011||82||18,00||
|0200|01166|Estopa Branca|7899384945020||000008|01|53050090||53||18,00||
|0200|01167|Alicate Univ. 8" 856-200|7891504620909||000008|01|82032010||82||18,00||
|0200|01168|Mini Grampo Rapido Quick- Grip 12"|||000008|01|82119390||82||18,00||
|0200|01169|Alicate Univ. 8" Isolada|||000008|01|82032010||82||18,00||
|0200|01170|Projetor De Led 100w Bivolt 6000k - 74100600 Blumenau|||000007|01|||||18,00||
|0200|01171|Ima Industrial Unisystem-Garen|||000001|01|84799090||84||18,00||
|0200|01172|Escada 1,20 Largura, Guarda Corpo e Corrimao Degrau 0,30 Espelho 0,18 Em Chapa Xadrez.|||000001|01|73030000||73||18,00||
|0200|01176|Nescafe Tradicao Sache 50g|7891000010860||000001|01|||||18,00||
|0200|01177|Agua Mineral Ipua 500ml|||000001|01|22011000||22||18,00|0300100|
|0200|01178|Papel Higienico Neve 4/30mt Neutro|7891172421174||000001|01|48181000||48||18,00|2004200|
|0200|01179|Biscoito Rosca Chocolate Casaredo 330g|7896408440561||000001|01|19053100||19||18,00||
|0200|01180|Leite Integral Latco 1l|7898133290015||000001|01|04012010||04||18,00|1701600|
|0200|01181|Waffer Yupi Flocos 110g|7896408441728||000001|01|19053200||19||18,00||
|0200|01182|Rodo Espuma 25cm|7898942535185||000001|01|96039000||96||18,00||
|0200|01183|Bolacha De Milho Kg|||000005|01|19059020||19||18,00|1705600|
|0200|01184|Papel Hig Duetto Valvet Neutro Folh Simp 30m C/4|7896026801096||000001|01|48181000||48||18,00|2004200|
|0200|01185|Preto-Perf.Alum.Tubo Retang 95 x 50,8  Ptg 070|||000009|01|76042100||76||18,00||
|0200|01186|Botina Elast.Bid.Preta C/Bic.Aco N41-Bracol|||000011|01|64059000||64||18,00||
|0200|01187|Diesel s 10|||000019|01|27101921||27||18,00||
|0200|01188|Pao De Mel Zapoli Mini 360g Nat. Zapoli Un|7898938087018||000001|01|||||18,00||
|0200|01189|Chaleira Eletr.Cadence S. 127v 1lt Bca Cadence Un|7898221455227||000001|01|||||18,00||
|0200|01190|Antiembacante Aromacar 60ml|7898104150157||000001|01|||||18,00||
|0200|01191|Lamina De Serra Tct 185mm x 64|||000007|01|||||18,00||
|0200|01193|Preto-Perf.Alum.Tubo Retang 76,2 x 38,10-Ptg 038|||000009|01|76042100||76||18,00||
|0200|01194|Conjunto Fim De Curso Deslizante Unisystem-Garen|||000001|01|84799090||84||18,00||
|0200|01201|Papel Ondulado  120cm|||000005|01|48081000||48||18,00|1901600|
|0200|01203|Fita Adesiva 48mm x 50 m Rolo|||000001|01|39191090||39||18,00||
|0200|01204|Saco Zip n 08 17x24 C/ 100|||000018|01|39232110||39||18,00||
|0200|01205|Fita Adesiva 48mm x 100 m Rolo|||000001|01|39191090||39||18,00||
|0200|01206|Macho Manual 3/16|7899885116882||000008|01|82074010||82||18,00||
|0200|01207|Ponta Mont. A- 21 1/4 25 x 25|7899384930996||000008|01|68042211||68||18,00||
|0200|01208|Bucha Com Anel 8 Mm|7899676016704||000008|01|39269090||39||18,00|1301600|
|0200|01209|Extintor Pqs 4 Kg|||000020|01|84241000||84||18,00|0104000|
|0200|01210|Extintor Ap 10 Lts|||000020|01|84241000||84||18,00|0104000|
|0200|01212|Bateria Selada 12v 5a|||000001|01|85072010||85||18,00||
|0200|01216|Ype Detergente Neutro 500ml|7896098900208||000001|01|34022000||34||18,00|1100400|
|0200|01217|Papel Hig Personal Folha Dupla Neutro C4|7896110000176||000001|01|48181000||48||18,00|2004200|
|0200|01218|Papel Higienico Mili Bianco 60m C/4|7896104998557||000001|01|48181000||48||18,00|2004200|
|0200|01219|Querosene Petrus 800ml|7897631977794||000001|01|||||18,00||
|0200|01220|Ninfa Biscoito Recheado Choc.Branco 110g|7896111421550||000001|01|19053100||19||18,00||
|0200|01221|Lustra Moveis Bry Jasmim 200ml|7891242470033||000001|01|||||18,00||
|0200|01222|Lustra Moveis Bry Lavanda 200ml|7891242470026||000001|01|34052000||34||18,00||
|0200|01223|Leite Batavo Integral 1l|7891097018251||000001|01|04012010||04||18,00|1701600|
|0200|01224|Alcool Gel Da Ilha 480g|7896017200341||000001|01|22072019||22||18,00||
|0200|01225|Harpic Lavanda 25gr 40% Desc|7891035524189||000001|01|34022000||34||18,00|1100400|
|0200|01227|Veja X14 Tira Limo 2 Em 1 Squeeze 500ml|7891035800238||000001|01|34022000||34||18,00|1100400|
|0200|01229|Panela De Aluminio Brisa Tonellos N26|7898620980542||000001|01|||||18,00||
|0200|01230|Bolacha De Nata Pinhal 350g|7898906225060||000001|01|19053100||19||18,00||
|0200|01231|Bala Zaza Sortida 250g|7896306613241||000001|01|17049020||17||18,00||
|0200|01232|Vassoura Gran Mestra Limpamania|7898920552104||000001|01|96039000||96||18,00||
|0200|01233|Leite Integral Santa Clara C/Tampa 1l|7896504305078||000001|01|04012010||04||18,00|1701600|
|0200|01234|Lixa Papel Ferro Tatu N100|7898088927103||000001|01|68052000||68||18,00||
|0200|01235|Sapolio Radium Cremoso Lavanda 250ml|7891022861068||000001|01|||||18,00||
|0200|01236|Curativo Protetor Cicatrisan Transparente C/10un|7898108611616||000001|01|||||18,00||
|0200|01237|Biscoito Recheado Glub Floresta Negra 115gr|7897426030055||000001|01|19053100||19||18,00||
|0200|01238|Biscoito Rosca Parati Cafe 300g|7896011108704||000001|01|19053100||19||18,00||
|0200|01239|Odorizante Lady Prime Bamboo 360ml|7898567702924||000001|01|33074900||33||18,00||
|0200|01240|Pano De Copa Tk 40x65cm Primore Felpudo|7891228517455||000001|01|||||18,00||
|0200|01241|Caixa Opaca 240x190x125 Cbox - 914056 Cemar|||000007|01|39259090||39||18,00||
|0200|01246|Carenagem Bv Plastica Fundo Compatec|||000001|01|||||18,00||
|0200|01247|Carenagem Plastica Frente Bv Basculante|||000001|01|85389090||85||18,00||
|0200|01248|Taxa De Servico|||000001|01|00000000||00||18,00||
|0200|01249|Agua Com Gas|||000001|01|22011000||22||18,00|0300100|
|0200|01250|File Mignon a Cavalo|||000001|01|||||18,00||
|0200|01251|Caipirinha|||000001|01|||||18,00||
|0200|01252|Batata Sensacao|||000001|01|||||18,00||
|0200|01253|Cafe Nespresso|||000001|01|21011200||21||18,00|1710900|
|0200|01255|Salada Imperium|||000004|01|20019000||20||18,00||
|0200|01256|Nobreak 1450va|||000001|01|85044040||85||18,00|2103800|
|0200|01257|Bateria Powerec 12v 7a|||000001|01|||||18,00||
|0200|01258|Chave Comb. Catraca 10 Mm|||000008|01|82041100||82||18,00||
|0200|01259|Paraf. Fixer 3,5 x 25|7892261369247||000008|01|73181200||73||18,00||
|0200|01260|Pa Sx Fl Pb Ac N,3 Ar Epdm N. 12 x 3/4 Ri Zb|7892261087523||000008|01|73181500||73||18,00||
|0200|01261|Luva Malha Branca|||000008|01|||||18,00||
|0200|01262|Cabo De Aco 1/8 Zb (6 x 7) Plast|||000016|01|73121090||73||18,00||
|0200|01263|Prensa Cabos 1/8 Import|||000001|01|||||18,00||
|0200|01265|Sabonete Premisse Morango e Hibiscus 1l - Codigo Fabrica: C10621|7898912019288||000001|01|34012010||34||18,00|2003600|
|0200|01266|Calculadora De Mesa Maxprint Mx-C101 - Codigo Fabrica: 75 4613|7897975051259||000001|01|84701000||84||18,00||
|0200|01267|Caneta Compactor 07 Preta - Codigo Fabrica: 3952|||000001|01|96081000||96||18,00|1902700|
|0200|01268|Caneta Compactor 07 Azul - Codigo Fabrica: 2834|7896572000370||000001|01|96081000||96||18,00|1902700|
|0200|01269|Caneta Compactor 07 Vermelha - Codigo Fabrica: 3953|||000001|01|96081000||96||18,00|1902700|
|0200|01270|Saco P/ Lixo Rolo Preto 200l 90x105 Ref C/50 - Codigo Fabrica: 3676|7890906300013||000001|01|39232190||39||18,00||
|0200|01272|Marc. Retro Projetor Pilot 2.0 Vm - Codigo Fabrica: 1430007cx012vm|7897424005666||000001|01|96082000||96||18,00|1902800|
|0200|01274|Nobreak Pra Portã?o Ppa  Volt Gate  (usa 2 Bateria 12v 7ah Nã?o Inclusas )  A21926/A21900|||000001|01|85044040||85||18,00|2103800|
|0200|01275|Calha Completa 3.00mts  Cel-Tron|||000001|01|84799090||84||18,00||
|0200|01276|Fotocelula F30 Plus - A22186|||000021|01|84799090||84||18,00||
|0200|01277|Basculante Velocita 400 1/4 3.00 Mts Cel-Tron|||000021|01|84799090||84||18,00||
|0200|01278|Trena Mtx 10mx25mm 3100055 Import|||000001|01|90178010||90||18,00||
|0200|01279|Abrac Ny 3,6x200 Pta|||000015|01|39269090||39||18,00|1301600|
|0200|01280|Femea 20a 1422 2pinos|||000001|01|85369090||85||18,00||
|0200|01283|Paraf. Sx Rosca Sob. 1/4 x 70|7892261282461||000008|01|73181200||73||18,00||
|0200|01284|Trinco Fio Redondo 6 Zb|||000001|01|||||18,00||
|0200|01285|Cabo Pp 2x2,5 750v|||000016|01|85444900||85||18,00||
|0200|01286|Graxa Unilit Blue-2 1 Kg P/Rolam|||000005|01|27101999||27||18,00||
|0200|01287|Pino Prensa Cabo 10a 1412|||000001|01|85369090||85||18,00||
|0200|01293|Cabo De Rede 305mt|||000001|01|85444900||85||18,00||
|0200|01294|Cafe Soluvel  Iguacu 200g|7896019201117||000001|01|21011110||21||18,00||
|0200|01295|Cafe Melitta Extra Forte 500gr|7891021006934||000001|01|09012100||09||18,00||
|0200|01296|Biscoito Isabela Gergelim 400g|7896022027322||000001|01|19053100||19||18,00||
|0200|01297|Balas Simonetto Coffe King 175g|7897652602828||000001|01|17049020||17||18,00||
|0200|01298|Toalha De Banho Belmndi 54x100cm|7898919083442||000001|01|||||18,00||
|0200|01300|Biofleur Sabonete Liquido Erva Doce 1l|7898149358297||000001|01|34013000||34||18,00|2003700|
|0200|01301|Mortadela Frimesa C/Gordura 1kg|7896275920678||000001|01|16010000||16||18,00|1707600|
|0200|01302|Pato Pastilha Desiva Lavanda|7894650013502||000001|01|34022000||34||18,00|1100400|
|0200|01303|Veja Multi Uso Tradicional 500ml|7891035800214||000001|01|34022000||34||18,00|1100400|
|0200|01304|Sonho Kg|||000005|01|19059020||19||18,00|1705600|
|0200|01305|Bolacha Maizena Pintada Kg|||000001|01|19059020||19||18,00|1705600|
|0200|01306|Papel Hig Mili Folha Tripla Neutro 20m C/4un|7896104995129||000001|01|48181000||48||18,00|2004200|
|0200|01307|Aquecedor Ventisol Quartzo 127v 800w Ventisol Un|7898461962417||000001|01|||||18,00||
|0200|01308|Refr. Coca Cola Lata 220ml Coca Cola Un|7894900010398||000001|01|22021000||22||18,00|0300700|
|0200|01309|Suco Del Valle Frut 1lt Uva Del Valle Un|7894900550030||000001|01|22021000||22||18,00|0300700|
|0200|01310|Suco Del Valle Frut 1lt Laranja Del Valle Un|7894900556032||000001|01|22021000||22||18,00|0300700|
|0200|01311|Acucareiro Ou Farinheiro Santana 1lt Santana Un|7896355700565||000001|01|39241000||39||18,00|1100900|
|0200|01312|Bandeja Docesar Plast Ret G. C/Alca Docesar Un|7896943310435||000001|01|39241000||39||18,00|1100900|
|0200|01313|Bisc. Marilan P.Stop 168g Integral Marilan Un|7896003706758||000001|01|19053100||19||18,00||
|0200|01314|Bisc. Club Social 144g Original Nabisco Un|||000001|01|19059020||19||18,00|1705600|
|0200|01315|Bisc. Parati H.Cracker 150g Int.P.P. Parati Un|7896011105536||000001|01|19059020||19||18,00|1705600|
|0200|01316|Bisc. Cookies Parati 60g Chocolate Parati Un|7896011107868||000001|01|19053100||19||18,00||
|0200|01317|Bisc. Cookies Parati 60g Tradicional Parati Un|7896011107851||000001|01|19053100||19||18,00||
|0200|01318|Pano Atoalhado Panosul C/B.45*65cm Panosul Un|7896943200569||000001|01|63026000||63||18,00||
|0200|01320|Cabo De Aco 1/8 Revestido|||000016|01|73121090||73||18,00||
|0200|01321|Lamina De Serra Tct260x25.4mm 100t P/ Al|||000007|01|82023100||82||18,00||
|0200|01322|Revestimento Portao De Garagem|||000005|01|||||18,00||
|0200|01323|Disco De Corte 4".1/2|||000008|01|68042211||68||18,00||
|0200|01324|Nobreak Carregador Agl 12v 2a|||000001|01|85044040||85||18,00|2103800|
|0200|01327|Paraf. Sx Fl N12 x 2.1/2|7892261088049||000008|01|73181400||73||18,00||
|0200|01328|Durepoxi 50 g|7891200007929||000008|01|32141010||32||18,00||
|0200|01329|Cabo De Aco 3/16 Galv.|||000016|01|73121090||73||18,00||
|0200|01330|Grampo Cb Aco 1/4|||000008|01|73269090||73||18,00||
|0200|01331|Esticador P/ Cabo Aco 1/2|||000008|01|73269090||73||18,00||
|0200|01332|Marca Texto Faber Tons Pastel Laranja - Codigo Fabrica: 12060|||000001|01|96082000||96||18,00|1902800|
|0200|01333|Cart De Toner Compativel C/ 435a/436a/285a/278a 2k - Codigo Fabrica: 2702|||000001|01|84439933||84||18,00||
|0200|01336|Placa De Eva 4mm|||000016|01|64062000||64||18,00||
|0200|01337|Placa De Eva 8mm|||000016|01|64062000||64||18,00||
|0200|01338|-Estopa Costurada Mecanico|||000005|01|52021000||52||18,00||
|0200|01339|Abracadeira Nylon Natural 202x3,7mm Frontec F7020nyna|||000007|01|39269090||39||18,00|1301600|
|0200|01340|Abracadeira Pvc Cinza 3/4 Tigre - 36005548|||000007|01|39259090||39||18,00||
|0200|01341|Adaptador Para Condulete Pvc Cinza 3/4 Tigre - 36005297|||000007|01|39174090||39||18,00||
|0200|01342|Blanc Tomada Dupla 2p+t 20a 1354 Fame|||000007|01|85366910||85||18,00||
|0200|01343|Cabo Flexivel 4.00mm Azul 750v|||000016|01|85444900||85||18,00||
|0200|01344|Cabo Flexivel 4.00mm Branco 750v|||000016|01|85444900||85||18,00||
|0200|01345|Cabo Flexivel 4.00mm Preto 750v|||000016|01|85444900||85||18,00||
|0200|01346|Cabo Flexivel 4.00mm Vermelho 750v|||000016|01|85444900||85||18,00||
|0200|01347|Conduite Pvc Cinza 3/4" Tigre - 16002046|||000007|01|||||18,00||
|0200|01348|Condulete Pvc Cinza Universal 05 Entradas Tigre - 36005319|||000007|01|39174090||39||18,00||
|0200|01349|Exatron Sensor De Presenca Frontal Touch-Lesf4000|||000007|01|85365090||85||18,00||
|0200|01350|Germer Porta Lamp P/ Tempo 7515|||000007|01|||||18,00||
|0200|01351|Intral Lampada Led High Power 20w - 06653|||000007|01|85395000||85||18,00||
|0200|01352|Intral Lampada Led High Power 50w - 06656|||000007|01|85395000||85||18,00||
|0200|01353|Kian Lampada Led Alta Potencia 30w - 10881|||000007|01|85395000||85||18,00||
|0200|01354|Kian Luminaria Led Sobr. 24w 6000k - 10383 Quadrada|||000007|01|94051093||94||18,00||
|0200|01355|Luminaria Prato Bedd 16" Verde/Bco|||000007|01|||||18,00||
|0200|01356|Mangueira Corrugada Amarela 1" Fortlev|||000016|01|39172300||39||18,00||
|0200|01357|Prensa Cabo Pvc 3/8|||000007|01|39174090||39||18,00||
|0200|01358|Tampa Para Condulete Pvc Cinza 3 Modulo Tigre - 36005491|||000007|01|39259090||39||18,00||
|0200|01359|Rost Off Wurth 300 Ml|||000001|01|27101932||27||18,00||
|0200|01360|Disco De Corte Premium Cut 115x1.2x22,2mm|||000001|01|||||18,00||
|0200|01361|Rebite Repuxo Aluminio Branco 4x12mm|||000001|01|76161000||76||18,00||
|0200|01363|Nobreak Volt Gate 220v 50hz / 60hz (sem Bateria)|7897287462712||000007|01|85044040||85||18,00|2103800|
|0200|01366|Pneu 185/65 r 14 Imp.  / Sunset/ Rapid|||000001|01|40111000||40||18,00|1600100|
|0200|01367|Purificador De Pressao Press Libell Inox 110v|7898903556136||000007|01|||||18,00||
|0200|01368|Blanc Interruptor 1t Simp + Tom 2p+t 20a 1358 Fame|||000007|01|85366910||85||18,00||
|0200|01369|Sch Ez9f33210 Disjuntor Bif c 10a|||000001|01|85362000||85||18,00|0106700|
|0200|01371|Transmissor Zap 4b (preto / Branco)|7897287478645||000007|01|85269200||85||18,00||
|0200|01372|Conj. Auto. Mov. P. Bh Power Bolt 1/4 Jet Flex Facility 60hz (c/ Lumin|7897287470953||000007|01|84798999||84||18,00||
|0200|01373|Acionamento Bh Power Bolt 3,50mts (aluminio Chapa U)|7897287498216||000007|01|84799090||84||18,00||
|0200|01374|Tg-039br Tubo Retangular 50x95mm|||000001|01|76042100||76||18,00||
|0200|01375|Respirador Pff2 C/ Valvula - Ksn|||000001|01|63079010||63||18,00||
|0200|01376|Controle 433 Preto|||000007|01|85269200||85||18,00||
|0200|01377|Srx 102 Receptora Pulso Ou Retencao 12v a 24v 433|||000007|01|||||18,00||
|0200|01378|Pezzi Plug Macho 2p+t 20a 1067-2 Preto|||000007|01|85366990||85||18,00||
|0200|01379|Plug Femea 2p+t 20a 2147 Preto Fame|||000007|01|85369090||85||18,00||
|0200|01384|Cortes Especial De Plasma|||000004|01|73145000||73||18,00|0111000|
|0200|01389|Lona 190g Preta Prata|||000001|01|54072000||54||18,00||
|0200|01391|Silicone Acetico Premium Incolor 274g|||000001|01|32141010||32||18,00||
|0200|01392|Silicone Acetico Premium Preto 280ml|7891799112417||000001|01|32141010||32||18,00||
|0200|01394|Bateria Moura 7ah|||000007|01|85072010||85||18,00||
|0200|01396|Lamina De Estilete 18mm|7899009017408||000008|01|82119390||82||18,00||
|0200|01397|Rebitadeira|7899384930538||000008|01|82032010||82||18,00||
|0200|01398|Paraf. Frances 5/16 x 3/4 Zb|7892261014031||000008|01|73181500||73||18,00||
|0200|01399|Pa Sx Ac Rs 1/4 x 70 Rp Zb|7892261001758||000008|01|73181500||73||18,00||
|0200|01400|Saco Zip N.4 - 8,5x12 e 8x12 C/100|||000015|01|39232110||39||18,00||
|0200|01401|Saco Zip N.7 - 14x20 e 15x23 - C/100|||000015|01|39232110||39||18,00||
|0200|01402|Refeição|||000001|01|21069090||21||18,00|0301500|
|0200|01403|Ct 06 Cantoneira 38x38 Branca|7894494017414||000012|01|76101000||76||18,00||
|0200|01404|Banqueta Alta Com Encosto Alto 0,70m|||000007|01|||||18,00||
|0200|01405|Roupeiro 08 Ptas Sobrep.Pitao 198x123x40|||000007|01|94031000||94||18,00||
|0200|01406|Bisc. Parati 400g Francesinho Parati Un|7896011107837||000001|01|19059020||19||18,00|1705600|
|0200|01407|Bala Dori 150g Yougurte Dori Un|7896058503128||000001|01|17049020||17||18,00||
|0200|01408|Cha Misto Dr.Oetker 10 Saq. Hib/C.V/Can. Dr.Oetker Un|7891048038482||000001|01|21069090||21||18,00|0301500|
|0200|01409|Suco Purity Nectar 1lt Uva e Maca Cocamar Un|7897001050096||000001|01|||||18,00||
|0200|01410|Suco Purity Nectar 1lt Frutas Citricas Cocamar Un|7897001050447||000001|01|22029900||22||18,00||
|0200|01411|Suco Purity Nectar 1lt Laranja/Tangerina Cocamar Un|7897001050034||000001|01|22029900||22||18,00||
|0200|01412|Tigela Plasv.Oval Peq R.506 Plasvale Un|7891115005065||000001|01|39241000||39||18,00|1100900|
|0200|01413|Pao De Queijo Doce Doce Kg Doce Doce Kg|||000005|01|19012000||19||18,00|1704600|
|0200|01414|Wafer Isabela Limao 100gr|7896022086220||000001|01|19053200||19||18,00||
|0200|01415|Wafer Visconti Chocolate 120gr|7891962035529||000001|01|19053200||19||18,00||
|0200|01416|Mortadela Bambina Slicepack 200g|7898907632157||000001|01|16010000||16||18,00|1707600|
|0200|01417|Bolacha De Nata Pintada Kg|||000005|01|19059020||19||18,00|1705600|
|0200|01420|Perfil Tubular Ref: Mn055:tmn055 6000-Pre|||000007|01|76042100||76||18,00||
|0200|01423|Branco Fosco Sintetico Spray Suvinil|||000001|01|32091010||32||18,00||
|0200|01430|Dobr Ps 3.1/2x3 Cr C/Bola|||000001|01|83021000||83||18,00|0102600|
|0200|01431|Quebradedo 5/16x2|||000015|01|||||18,00||
|0200|01432|Receptor 433 Hombrus|||000001|01|||||18,00||
|0200|01433|Transmissor 433 Mhz Code Learning Hombrus 2 Teclas|||000001|01|85269200||85||18,00||
|0200|01434|Conector Adaptador P4 Femea Dc|||000001|01|85044029||85||18,00||
|0200|01435|Fechadura Eletrica Cilindro Fixo - Fx500|7896637685870||000007|01|83014000||83||18,00||
|0200|01436|Conversor Aut. Ac/Dc 12,8v 1a - Ef1201|7896637679008||000007|01|||||18,00||
|0200|01438|Dispenser P/ Copo Agua Easy Flex Branco - Codigo Fabrica: C19762|7898623581111||000001|01|39259090||39||18,00||
|0200|01439|Lixeira Eco P/ Copo Descartavel De Agua Branco - Codigo Fabrica: C19755|7898912019424||000001|01|39229000||39||18,00||
|0200|01440|Alcool Gel 70% Super Vale Inpm 4,250kg - Codigo Fabrica: 23463|||000001|01|38089429||38||18,00||
|0200|01444|Camiseta Em Poliviscose Longa|||000004|01|61069000||61||18,00||
|0200|01445|Calca Em Brim|||000004|01|61069000||61||18,00||
|0200|01446|Fechadura Tubular Classi|7892327072838||000007|01|83014000||83||18,00||
|0200|01449|Paraf. Fl Ponta Broca 4,2 x 13|7892261238406||000008|01|73181400||73||18,00||
|0200|01450|Bucha P/ Gesso 8 Mm|7892261459702||000008|01|39269090||39||18,00|1301600|
|0200|01451|Paraf. Fixer 6,0 x 80|7892261369940||000008|01|73181200||73||18,00||
|0200|01452|Fita Dupla Face 2 Mt|7899885114086||000008|01|35061090||35||18,00||
|0200|01453|Paraf. Frances 5/16 x 1 Zb|7892261005985||000008|01|73181500||73||18,00||
|0200|01454|Pa Dw Trombeta Ag Ac 3,5x25 Ri Fo|7892261315558||000022|01|73181400||73||18,00||
|0200|01455|Corda Trancada 4 Mm|||000016|01|||||18,00||
|0200|01456|Trena Standard 8 Mts Irwin|7897095037140||000008|01|90178090||90||18,00||
|0200|01459|Plug 2p+t 20a Pto 90âº 1490 Fame|||000007|01|85369090||85||18,00||
|0200|01460|Tecfi Filtro Comb|7891342003247||000007|01|||||18,00||
|0200|01461|Estrutura Em Aluminiode Acm|||000001|01|76101000||76||18,00||
|0200|01477|Odorizante Aero Glade Lavanda 360ml 20%desc|7894650013861||000001|01|33074900||33||18,00||
|0200|01478|Pao De Mel Girassol Sem Calda 400g|7898016290637||000001|01|19053100||19||18,00||
|0200|01479|Queijo Mussarela Aurora Fatiado 150g|7891164027117||000001|01|04061010||04||18,00||
|0200|01480|Leite Integral Frimesa 1l|7896275970611||000001|01|04012010||04||18,00|1701600|
|0200|01481|Agua Sanitaria Ype 2l|7896098904688||000001|01|28289011||28||18,00|1100100|
|0200|01482|Papel Higienico Duetto Velvet 30m 12un|7896026800990||000001|01|48181000||48||18,00|2004200|
|0200|01483|Biscoito Rosca Leite Casaredo 650g|7896408439701||000001|01|19053100||19||18,00||
|0200|01484|Sal De Frutas Eno 5g|7896015511159||000001|01|||||18,00||
|0200|01485|Wafer Visconti Morango 120gr|7891962035536||000001|01|19053200||19||18,00||
|0200|01486|Odorizante Aero Glade Lembrancas 360ml 20%desc|7894650014448||000001|01|33074900||33||18,00||
|0200|01487|Rosca De Calda Girassol 300g|7898016290736||000001|01|19053100||19||18,00||
|0200|01502|Teclado Maxprint Kit Mouse S/ Fio 2.4 601130-1 - Codigo Fabrica: 6011301|7897975068615||000001|01|||||18,00||
|0200|01503|Base P/ Notebook Maxprint Led - Codigo Fabrica: 6012326|7897975074395||000001|01|||||18,00||
|0200|01504|Bobina Termica Regispel 57x100 - Codigo Fabrica: 022517|7893460225174||000001|01|||||18,00||
|0200|01505|Queijo Muss. Frizzo Fat.400g Laticinios Frizzo Un|7897153001557||000001|01|04069020||04||18,00||
|0200|01506|Bala Dori 150g Lua Cheia Chant Dori Un|7896058503340||000001|01|17049020||17||18,00||
|0200|01507|Leite Uht Terra Viva 1lt Integ Terra Viva Un|7898915414011||000001|01|04012010||04||18,00|1701600|
|0200|01508|Cha Leao Camomila 10 Saq. Matte Leao Un|7891098000163||000001|01|||||18,00||
|0200|01509|Cha Matte Leao Natural 25 Saq. Matte Leao Un|7891098000040||000001|01|||||18,00||
|0200|01510|Envelope Pequeno P/Carta 113*164 Credeal Un|||000001|01|48171000||48||18,00||
|0200|01511|Envelope Foroni Grande 240*340 Foroni Un|||000001|01|48171000||48||18,00||
|0200|01512|Pato Pastilha Adesiva C/3 20% D. Cittrus Ceras Johnson Un|7894650938690||000001|01|34022000||34||18,00|1100400|
|0200|01513|Saco P/Lixo Embalar Roll 15lt C/60 Embalar Un|7896492409857||000001|01|39232190||39||18,00||
|0200|01514|Raticida Klerat 25gr Klerat Un|7896500400432||000001|01|38089996||38||18,00||
|0200|01515|Mortadela Fgo Aurora 200g Aurora Frios Un|7891164016319||000001|01|16010000||16||18,00|1707600|
|0200|01517|Lamina De Serra Tct 10polx5/8pol 70t|||000007|01|82023100||82||18,00||
|0200|01523|Base P/ Mouse Maxprint Apoio Gel Preto - Codigo Fabrica: 60 4484|7897975040536||000001|01|40161090||40||18,00||
|0200|01524|Silicone Neutro Premium Branco 270ml/370g|||000001|01|32141010||32||18,00||
|0200|01525|Alicate Universal Red Line 8|||000001|01|82032010||82||18,00||
|0200|01526|Microcomputador Portatil Dell Inspiron 15 3584|||000001|01|||||18,00||
|0200|01538|Fechadura Stam Classic 3200 (40mm) Ros Quadr - Ext|||000004|01|83014000||83||18,00||
|0200|01539|Dobradica Max100 - Bh03np - Aco Escovado|||000023|01|83021000||83||18,00|0102600|
|0200|01540|Trinco Universal 12,0cm Cromado Ref 317 Esp|||000004|01|||||18,00||
|0200|01544|Parafusadeira/Furadeira De Imp a Bateria|||000007|01|||||18,00||
|0200|01545|Bateria Bl1830b|||000007|01|||||18,00||
|0200|01546|Bateria Para Notebook- Tributos Aprox.(r$): 27,74|||000001|01|||||18,00||
|0200|01547|Memoria 4gb Ddr4 Notebook- Tributos Aprox.(r$): 24,02|||000001|01|||||18,00||
|0200|01548|Perfil De Alum Tub Nt 50 Pecas|||000023|01|76042100||76||18,00||
|0200|01551|Copo Descartavel Coposul 300ml|7896424100234||000001|01|39241000||39||18,00|1100900|
|0200|01552|Papel Higienico Duetto Neutro C/12 30m|7896026800709||000001|01|48181000||48||18,00|2004200|
|0200|01553|Queijo Mussarela Fatiado Soltissimo Sadia 200g|7893000084315||000001|01|04061010||04||18,00||
|0200|01554|Central Pabx Conecta Mais 2x4|||000001|01|||||18,00||
|0200|01555|Placa Ramal Desbalanceada (4rm) Modulare Mais|||000001|01|||||18,00||
|0200|01556|Telefone Sem Fio Intelbras Ts2510|||000001|01|85171100||85||18,00|2105200|
|0200|01557|Tomada Modular Branco|||000001|01|85177099||85||18,00||
|0200|01558|Terminal Analogico Ti 830i|||000001|01|||||18,00||
|0200|01559|Placa Disa - Modulare Mais|||000001|01|85177010||85||18,00||
|0200|01560|Abrac. Naylon Preta 3,6 x 200mm|7899009045357||000008|01|39269090||39||18,00|1301600|
|0200|01561|Broca Concreto 6 Mm|||000008|01|82075011||82||18,00||
|0200|01564|Broca Concreto 8 Mm|||000008|01|82075011||82||18,00||
|0200|01565|Pistola Aplicadora Silicone|7891114088625||000008|01|82055900||82||18,00||
|0200|01566|Abracadeira Naulon 3,6 x 250 Branca|7892261555619||000008|01|39269090||39||18,00|1301600|
|0200|01567|Suporte Serra Copo 14 - 30 Mm|7898469667161||000008|01|||||18,00||
|0200|01568|Broca Aco Rap. 3 Mm|7892261538308||000008|01|82075011||82||18,00||
|0200|01569|Trena 8 Mts. C/ Trava|7891645034115||000008|01|90178090||90||18,00||
|0200|01570|Estopa Malha Costurada|||000005|01|53050090||53||18,00||
|0200|01571|Rebite 3,2 x 16 Preto|7899384980182||000008|01|83082000||83||18,00||
|0200|01572|Perfil Esp Ff 1,50mm 120 Pc - 17x56x12x12x56x17x2500|||000005|01|72166190||72||18,00||
|0200|01573|Bomba Arla|||000007|01|||||18,00||
|0200|01574|Bico Injetor|||000001|01|||||18,00||
|0200|01575|Filtro Do Diesel Original|||000001|01|84212990||84||18,00|0103800|
|0200|01576|Filtro Separador|||000001|01|84212990||84||18,00|0103800|
|0200|01577|Filtro Da Arla|||000007|01|||||18,00||
|0200|01581|Caneta Fixa C/ Corrente Polida Suporte v - Codigo Fabrica: 902|7898272520073||000001|01|96081000||96||18,00|1902700|
|0200|01582|Caixa De Ferr Ref07 5gav Fercar|||000001|01|73269090||73||18,00||
|0200|01583|Cabo De Aco 1/16 Zb 6x7|||000016|01|73121090||73||18,00||
|0200|01584|Prensa Cabos 1/8|||000001|01|76169900||76||18,00||
|0200|01585|Arr Lisa Zb 1/4k|||000005|01|73182200||73||18,00||
|0200|01586|Chave Comb Robust 17mm Import|||000001|01|82041100||82||18,00||
|0200|01587|Chave Comb C/Catraca 17mm Mtx Import|||000001|01|82041100||82||18,00||
|0200|01588|Pf Flange Ph 4,2x13 Ag Drywall Import|||000015|01|73181400||73||18,00||
|0200|01589|Bateria 12mva-7|7897154291377||000001|01|85072010||85||18,00||
|0200|01593|Fita Crepe 48x40 Mt. Pintura Predial|||000001|01|48114190||48||18,00||
|0200|01594|Queijo Muss. Lac Lelo Fat. 150g Lac Lelo Un|7898194160081||000001|01|04061010||04||18,00||
|0200|01595|Saponaceo Cif 250ml Crem.Laranja Unilever H.Bel. Un|7891150034341||000001|01|34054000||34||18,00||
|0200|01596|Pato Pastilha Adesiva C/3 Fres Ceras Johnson Un|7894650001301||000001|01|34022000||34||18,00|1100400|
|0200|01597|Sabonete Liq. Sensus 1lt Ref Erva Doce Fontana Un|7896012101988||000001|01|34013000||34||18,00|2003700|
|0200|01598|Refr. Guarana Champ. 2lt Antarctica Un|7891991001342||000001|01|22021000||22||18,00|0300700|
|0200|01599|Cafe Iguacu Sol.Em Po Lv200g Pg180g Cia Iguacu Cafe Un|7896019208161||000001|01|21011110||21||18,00||
|0200|01600|Choc. Bis 126gr Branco Lacta Un|||000001|01|19053200||19||18,00||
|0200|01601|Choc. Bis 126gr Ao Leite Lacta Un|||000001|01|19053200||19||18,00||
|0200|01602|Bombom Ferrero Rocher 3un Ferrero Do Br Un|||000001|01|18069000||18||18,00|1700400|
|0200|01606|Ct 01 Cantoneira 19,05 x 1,58 Mm Fosco|7894494009181||000013|01|76101000||76||18,00||
|0200|01607|Pneu 175/70 r 14 Dunlop|||000004|01|40111000||40||18,00|1600100|
|0200|01608|Bucha P/Tijolo 8mm|||000015|01|39269090||39||18,00|1301600|
|0200|01609|Cabo De Aco 3/32 Zb (6 x 7) Import|||000016|01|73121090||73||18,00||
|0200|01610|Pf A/Brocante 12x 3/4 P/Broca C/Arr Movel Import|||000015|01|73181400||73||18,00||
|0200|01611|Estopa Especial Color|||000005|01|53050090||53||18,00||
|0200|01612|Bucha C/Anel 8|||000015|01|39259090||39||18,00||
|0200|01613|Pf Sx Sob 1/4x 60|||000015|01|73181100||73||18,00||
|0200|01614|Motorola One Fusion 64gb Azul Safira  Lote:353620111480875 Ean :7892597349685|7892597349685||000001|01|85171231||85||18,00||
|0200|01624|Plugue Indentificador De Tensao 15661/14755/14702 Mar-Girius|||000007|01|85369090||85||18,00||
|0200|01625|Cx Corresp Acrimet Tripla Movel Cristal/Fume - Codigo Fabrica: 681|7896292224506||000001|01|39261000||39||18,00|1900400|
|0200|01626|Arquivo Morto Center Papeis Kraft - Codigo Fabrica: 2781|7895099026894||000001|01|48191000||48||18,00||
|0200|01630|Rost Off Wurth 300 Ml|||000001|01|38249941||38||18,00||
|0200|01631|Bucha W-U Pead 8,00 Mm|||000001|01|39269090||39||18,00|1301600|
|0200|01638|Perfurante Cdp 70 812950-9 10-95 x 1,5-10mm|||000007|01|||||18,00||
|0200|01639|Cabo Flexivel 4.00mm Azul - Prysmian/Nexansficap|||000016|01|85444900||85||18,00||
|0200|01640|Canaleta Pvc 50x20mm 2mt Perlex 2630brdf|||000007|01|||||18,00||
|0200|01642|Sottile Conj 01 Tecla Simples + Tomada 2p+t 20a 5199-Esn Enerbras|||000007|01|85366910||85||18,00||
|0200|01643|Sottile Conj 02 Tomadas Dist. 2p+t 20a 5197-En Enerbras|||000007|01|85366910||85||18,00||
|0200|01644|Caixa Padrao Linha e 355-E Enerbras|||000007|01|39259090||39||18,00||
|0200|01645|Tomada 2p Dupla 20a Linha e 397-En Enerbras|||000007|01|85366910||85||18,00||
|0200|01646|Cabo Flexivel 6.00mm Preto 750v Corfio/Conduspar/Sil|||000016|01|85444900||85||18,00||
|0200|01647|Cabo Flexivel 6.00mm Azul - Prysmian/Nexansficap|||000016|01|85444900||85||18,00||
|0200|01648|Cabo Flexivel 6.00mm Branco - Prysmian/Nexansficap|||000016|01|85444900||85||18,00||
|0200|01649|Cabo Flexivel 6.00mm Vermelho - Prysmian/Nexansficap|||000016|01|85444900||85||18,00||
|0200|01651|Mangueira Corrugada Laranja 1" Fortlev|||000016|01|39172300||39||18,00||
|0200|01652|Mangueira Corrugada Laranja 3/4" Tigre - 14211250|||000016|01|39172300||39||18,00||
|0200|01653|Caixa De Luz Elet. Pes. 4x2 Tigre - 33042841|||000007|01|39174090||39||18,00||
|0200|01654|Arla 32 R2 Premium 20l|||000001|01|||||18,00||
|0200|01655|Sal Refinado Moc 1kg|7896100013018||000001|01|||||18,00||
|0200|01656|Coador De Papel Medio Melitta 102|7891021001885||000001|01|48232099||48||18,00||
|0200|01657|Girassol Rosquinha Coco 300gr|7898016290576||000001|01|19053100||19||18,00||
|0200|01658|Taxa Entrega|||000001|01|48171000||48||18,00||
|0200|01659|Maionese Quero Sache 1,020 Kg|7896102509496||000001|01|||||18,00||
|0200|01660|Queijo Mussarela  Alto Alegre 190gr|7898955711033||000001|01|04061010||04||18,00||
|0200|01661|Recibo Comercial Sem Canhoto Sao Domingos 50f|7891321060636||000001|01|48201000||48||18,00|1902000|
|0200|01662|Torta Salgada Fria Kg|||000005|01|||||18,00||
|0200|01663|Bolacha De Nata Kg|||000005|01|19059020||19||18,00|1705600|
|0200|01664|Sbp Inseticida Citronela 450ml|7891035024894||000001|01|38089119||38||18,00||
|0200|01665|Alcool Araucaria 70 1l|7898172662163||000001|01|||||18,00||
|0200|01666|Biscoito Maizena Ninfa 370gr|7896111422076||000001|01|19053100||19||18,00||
|0200|01667|Sabonete Liq Deoline Morango e Champagne 1l|7898908100112||000001|01|34012010||34||18,00|2003600|
|0200|01668|Apresuntado Fat Frigovel 150g|7898223320783||000001|01|16024900||16||18,00||
|0200|01669|Trena 10 Metros|||000008|01|90178010||90||18,00||
|0200|01670|Paraf. Sx Rosca Sob. 1/4 x 70|7892261589089||000008|01|73181200||73||18,00||
|0200|01671|Paraf. Fixer 6,0 x 80|7892261541889||000008|01|73181200||73||18,00||
|0200|01672|Paraf. Frances 5/16 x 1.1/4 Zb|7892261009228||000008|01|73181500||73||18,00||
|0200|01673|Paraf. Sx Sob. 1/4 x 45|7892261004223||000008|01|73181200||73||18,00||
|0200|01674|Bucha Oca 8 x 50|7892261385810||000008|01|39269090||39||18,00|1301600|
|0200|01675|Paraf. Sx Ac Ros.Sob. 1/4 x 75 Rp Zb|7892261002076||000008|01|73181500||73||18,00||
|0200|01676|Controlador De Acesso Digiprox - Sa202 - 4682036|7896637673853||000007|01|||||18,00||
|0200|01677|Base Efeito Aco Corten 3,6l Brasilux Fo 152373502|7893866456400||000024|01|32089010||32||18,00||
|0200|01678|Efeito Aco Corten 0,9l Brasilux Fo 150973501|7893866458558||000024|01|32089010||32||18,00||
|0200|01679|Sottile Conj Tomada 2p+t 20a 5129-En Enerbras|||000007|01|85366910||85||18,00||
|0200|01680|Int. Simples Liz 57115/001 57115/010 Tramontina|||000007|01|85365090||85||18,00||
|0200|01681|Caixa + Tampa 01 Posto - 57303/001 Tramontina|||000007|01|39259090||39||18,00||
|0200|01682|Sch Ez9f33332 Disjuntor Trif c 32a|||000007|01|85362000||85||18,00|0106700|
|0200|01683|Cabo Flexivel 4.00mm Azul Afumex Prysmian/Nexans Ficap|||000016|01|85444900||85||18,00||
|0200|01684|Painel De Led Sobrepor Quadrado 32w 6000/6500k 400x400mm Blumenau 80866004|||000007|01|94051093||94||18,00||
|0200|01687|Am-Disco Serra 7.1/4" 68dts P/Metal Ref.:b-31681|||000001|01|82023100||82||18,00||
|0200|01688|Mkt Esm. Eletr. 4.1/2" M9510g-220v Ref.:m9510g-220v|||000001|01|84672999||84||18,00||
|0200|01689|Mkt Serra Circ. 7.1/4" 1800w 220v Ref.:5007n-220v|||000001|01|||||18,00||
|0200|01692|Rebite Repuxo 4.0x10mm p|||000015|01|83082000||83||18,00||
|0200|01693|Ponteiras Plast. Redonda|||000015|01|||||18,00||
|0200|01694|Chave Combinada Catraca|||000007|01|82041100||82||18,00||
|0200|01695|Fita Isolante 19mmx10m s|7891638046859||000007|01|39191020||39||18,00||
|0200|01696|Brocas De Aco Rapido 4.|||000007|01|82075011||82||18,00||
|0200|01699|1406 Perfil Esponjoso 40-15|||000016|01|||||18,00||
|0200|01701|Cola 750ml - Colabras|||000019|01|35061090||35||18,00||
|0200|01702|Copo Copozan 180ml Transparente C/100 - Codigo Fabrica: 10|7890000003643||000001|01|39241000||39||18,00|1100900|
|0200|01703|Cabo De Aco 1/16 Zb 6x7 Import|||000016|01|73121090||73||18,00||
|0200|01704|Corrente E/C 7.0mm (0,974)|||000016|01|||||18,00||
|0200|01705|Corrente Plast 6mm Ama/Pta|||000016|01|39269090||39||18,00|1301600|
|0200|01706|Pf Fr Zb 5/16x 1 C/Po|||000015|01|73181500||73||18,00||
|0200|01707|Pf Fixer Ph Ch 3.5x25|||000015|01|73181200||73||18,00||
|0200|01708|Chave Allen t 5,0mm|||000001|01|82054000||82||18,00||
|0200|01709|Cadeado Stam Lat 50mm|||000001|01|83011000||83||18,00||
|0200|00054|Bobina Plastico Bolhas 1,20cm. C/100 Mts|||000016|00|||||0,00||
|0200|00056|Fita Adesiva Marron/Trasnp.48mmx50mt.Fitasa Solvente|||000001|00|||||0,00||
|0200|00099|Disco De Corte Merco 4,1/2x1,0 Import|||000001|00|||||0,00||
|0200|00146|Lima Enxada Starrett 8 L411-208|||000001|00|82031010||82||18,00||
|0200|00277|Protetor Auricular Concha C-200 - Camper|||000001|00|65061000||65||18,00|0101300|
|0200|00279|Luva Raspa Punho 7cm - Mundial/Zanel/Schmitz/Gkg/Koch|||000011|00|42032900||42||18,00||
|0200|00293|Camisa Gola Polo Com Bordado|||000004|00|61069000||61||18,00||
|0200|00316|Lixa Flap 4.1/2 g 60 Merco Import|||000001|00|68053090||68||18,00|1100900|
|0200|00345|Rebite 516 Rebitop 4.8x16|7893464000234||000000|00|83082000||83||18,00||
|0200|00350|Flap G- 120|7892261538803||000001|00|68053090||68||18,00|1100900|
|0200|00351|Broca Aco Rap. 4,5 Mm|||000001|00|82075011||82||18,00||
|0200|00353|Abracadeira Naylon Branca 3,6 x 200|7892261555602||000001|00|39269090||39||18,00|1301600|
|0200|00355|Desiengmp1 321 Ml|7898907527439||000001|00|38249941||38||0,00||
|0200|00357|Arruela Lisa 1/4 Zincada B.|7892261001512||000017|00|||||18,00||
|0200|00358|Paraf. Dry Wall Flan. 4.2 x 13|7892261089992||000017|00|73181500||73||18,00||
|0200|00374|Lixa Flap 4.1/2 g 80 Merco Import|||000001|00|68053090||68||18,00|1100900|
|0200|00385|Plug Macho 2p+t 10a Bco 57402/003 Tramontina|||000007|00|85366910||85||18,00||
|0200|00409|Adesivo|||000001|00|68051000||68||18,00||
|0200|00430|Preto Fosco Sintetico Spray Suvinil|||000001|00|32091010||32||18,00||
|0200|00441|Wd- 40|7898193140435||000008|00|34031900||34||18,00||
|0200|00445|Pa Ch Ph Aa 4.2 x 32 Ri Zb|7892261062797||000008|00|73181500||73||18,00||
|0200|00449|Diesel S-500|||000003|00|27101921||27||18,00||
|0200|00463|Fita Isolante 18mm x 10m 3m|7891040106363||000008|00|35061090||35||18,00||
|0200|00464|Bucha Plast. C/ Anel 6 Mm|7892261493188||000008|00|39269090||39||18,00|1301600|
|0200|00483|Diesel s 500|||000019|00|27101921||27||18,00||
|0200|00485|Elastico Amarelo N.18 100grs C/120un Redbor|7896152355661||000007|00|||||18,00||
|0200|00489|Acucar Cristal Alto Alegre 2kg|7896508200027||000001|00|17019900||17||18,00|1709900|
|0200|00495|Cabo Cftv 4px24 Awg 300m Multi Cam Mc8cbr - Lan Cat5|7896637687324||000007|00|85444900||85||18,00||
|0200|00514|Broca Ar 6.00 Irw/Dorm|||000001|00|82075011||82||18,00||
|0200|00517|Disco De Corte Turbinox 4.1/2x1,0x22,2 Import|||000001|00|68042211||68||18,00||
|0200|00518|Disco P/Inox 41/2x1.0x7/8 A960tz Klingspor|||000008|00|68042211||68||18,00||
|0200|00528|Silicone Aceptico Preto|7898904869525||000008|00|35061090||35||18,00||
|0200|00530|Paraf. Dw Trombeta 3,5 x 25|7892261397011||000008|00|73181400||73||18,00||
|0200|00531|Paraf. Sx Rs 1/4 x 65 Zb|7892261001888||000008|00|73181200||73||18,00||
|0200|00533|Trink Refresco Limao 25gr|7896011127088||000001|00|21069010||21||18,00|0301200|
|0200|00535|Refresco Trink Pessego 25g|7896011127026||000001|00|21069010||21||18,00|0301200|
|0200|00536|Biscoito Salt Aguia Original 360g|7896105177050||000001|00|||||18,00||
|0200|00540|Waffer Yupi Morango 110g|7896408441711||000001|00|19053200||19||18,00||
|0200|00543|Pilha Panasonic Alcalina 3a|7896067202265||000001|00|85061010||85||18,00||
|0200|00546|Pao Leite Fatiado Padeiro 450gr|7898961276021||000001|00|||||18,00||
|0200|00548|Leite Integral Latco Crioulo 3% Gordura 1l|7898133290657||000001|00|||||18,00||
|0200|00557|Lixa Flap 4.1/2 g 50 Starrett|||000001|00|68053090||68||18,00|1100900|
|0200|00576|Deterg. Po Tixan Ype 1kg Maciez Ype Mat. Limp. Un|7896098900741||000001|00|34022000||34||18,00|1100400|
|0200|00577|Agua Sanit. Qboa 1lt Anhembi Un|7896083800018||000001|00|28289011||28||18,00|1100100|
|0200|00581|Pa Ch Ph Aa 4.8 x 38 Ri Zb|7892261063633||000008|00|73181500||73||18,00||
|0200|00587|Pao Padero Fat. 450g Manteiga Padero Un|7898961276038||000001|00|19059010||19||18,00|1706000|
|0200|00588|Pao 3 Palmeiras Fat. 500g Leite Alim. 3 Palmeiras Un|7898944499027||000001|00|19059010||19||18,00|1706000|
|0200|00593|Presunto Frimesa 200g Frimesa Un|7896275900953||000001|00|16024900||16||18,00||
|0200|00595|Refresco Trink 25g Morango/Limao Parati Un|7896011108445||000001|00|21069010||21||18,00|0301200|
|0200|00597|Refresco Trink 25g Mix Lar/Ace , Parati Un|7896011129341||000001|00|21069010||21||18,00|0301200|
|0200|00607|Tortinha Limao Isabela 160g|7896022056537||000001|00|19053100||19||18,00||
|0200|00612|Desinfetante Pinho Trop 500ml|7891242151567||000001|00|||||18,00||
|0200|00622|Biscoito Hot Cracker Parati Presunto 150g|7896011105505||000001|00|19059020||19||18,00|1705600|
|0200|00623|Pao De Forma Fatiado 500gr 3 Palmeira|7898944499157||000001|00|||||18,00||
|0200|00624|Pao De Manteiga 3 Palmeiras 500gr|7898944499119||000001|00|19059090||19||18,00|1703100|
|0200|00628|Queijo Mussarela Fatiado Frizzo 150gr|7897153000024||000001|00|||||18,00||
|0200|00629|Pao Frances Cascudinho Kg|||000001|00|19059090||19||18,00|1703100|
|0200|00634|Wafer Minueto Torta De Chocolate 115g|7896011108339||000001|00|19053200||19||18,00||
|0200|00655|Silicone Aceptico Branco|7898904869419||000008|00|35061090||35||18,00||
|0200|00663|Energia Elétrica|||000000|00|||||18,00||
|0200|00665|Rebitador Mtx 225mm 405159 Import|||000001|00|82055900||82||18,00||
|0200|00669|Deterg.Liq. Ype Clear 500ml Ype Mat. Limp. Un|7896098900253||000001|00|34022000||34||18,00|1100400|
|0200|00672|Bisc. Isabela 360g Coquetel Isabela Un|7896022026325||000001|00|19053100||19||18,00||
|0200|00676|Refresco Trink 25g Mix Aba/Hor , Parati Un|7896011129334||000001|00|21069010||21||18,00|0301200|
|0200|00677|Queijo Muss. Frireggio 150g Frireggio Un|7898414311118||000001|00|04061010||04||18,00||
|0200|00680|Pf Sx Sob 6,3x19 C/Arr|||000015|00|73181100||73||18,00||
|0200|00683|Copo Copobel 180ml Transparente C/ 100 - Codigo Fabrica: 422|7896123402837||000001|00|39241000||39||18,00|1100900|
|0200|00684|Env 240x340 Branco - Codigo Fabrica: 1363|7896212688340||000001|00|||||18,00||
|0200|00686|Saco Plastico Dac S/ Furo Medio (cx 600) - Codigo Fabrica: 3125|7897237300774||000001|00|||||18,00||
|0200|00688|Cart Toner Masterprint Hp Cb435/436/Ce285/278-A - Codigo Fabrica: 207010158|7898119101595||000001|00|||||18,00||
|0200|00698|Jogo De Juntas Hr/K2500 2.5 8v C/ Jta Cab. Fibra 4 Pic C/ Re|||000001|00|||||18,00||
|0200|00700|Papel A4 Center Papeis 210x297 75gr C/500 Fls - Codigo Fabrica: 7|||000001|00|48025610||48||18,00||
|0200|00702|Maionese Hellmanns 500g Pet|7894000050034||000001|00|||||18,00||
|0200|00706|Trink Refresco Laranja Bahia 30gr|7896011129396||000001|00|21069010||21||18,00|0301200|
|0200|00709|Pedra Sanitaria Glade Lavanda  25%desc|7894650004241||000001|00|34022000||34||18,00|1100400|
|0200|00710|Pedra Sanitaria Glade Pinho 25%desc|7894650013991||000001|00|34022000||34||18,00|1100400|
|0200|00727|Lamina Larga P/Estilete 18mm C/10un Import|||000010|00|82119400||82||18,00||
|0200|00729|Placa De Eva 10mm|||000016|00|||||18,00||
|0200|00737|Refresco Trink 25g Melancia Parati Un|7896011107486||000001|00|21069010||21||18,00|0301200|
|0200|00739|Refresco Trink 25g Morango 25g Parati Un|7896011127422||000001|00|21069010||21||18,00|0301200|
|0200|00740|Refresco Trink 25g Limonada Suica Parati Un|7896011129358||000001|00|21069010||21||18,00|0301200|
|0200|00741|Refresco Trink 25g Laranja/Mamao Parati Un|7896011106557||000001|00|21069010||21||18,00|0301200|
|0200|00742|Refresco Trink 25g Tangerina Parati Un|7896011127040||000001|00|21069010||21||18,00|0301200|
|0200|00744|Uau Multi Uso 500ml Rosas/Sed. Ingleza Un|7891242224025||000001|00|34022000||34||18,00|1100400|
|0200|00746|Plug Macho 2p+t 20a Preto 2143 Fame|||000007|00|||||18,00||
|0200|00747|Broca Ar 5.00 Irw/Dorm|||000001|00|82075011||82||18,00||
|0200|00766|Queijo Mussarela Crioulo 150g|7896077600778||000001|00|04061010||04||18,00||
|0200|00768|Rede Forte Saco Lixo 50lt|7898907847940||000001|00|39241000||39||18,00|1100900|
|0200|00771|Maionese Hellmanns 1kg|7891150029002||000001|00|21039011||21||18,00|1703900|
|0200|00778|Soquete Mag. 5/16|7892261186721||000008|00|82055900||82||18,00||
|0200|00802|Agua Sanit. Ype 1lt Ype Mat. Limp. Un|7896098904671||000001|00|28289011||28||18,00|1100100|
|0200|00803|Pao Z.L. Fatiado Kg Zilio Leonardi Kg|||000005|00|19059090||19||18,00|1703100|
|0200|00810|Fita Isolante 18mm x 5 m 3m|7891040106370||000008|00|35061090||35||18,00||
|0200|00844|Fonte 12v 2a|||000001|00|||||18,00||
|0200|00857|Apoio Ergonomico P/ Pes Multivisao Mdf Preto - Codigo Fabrica: 11627|7896643408630||000001|00|||||18,00||
|0200|00859|Apoio P/ Pulso Maxprint Em Gel Preto - Codigo Fabrica: 60 2295|7897975023430||000001|00|40161090||40||18,00||
|0200|00862|Bateria Chumbo Vrla 12v 2,3ah - Xb 1223-Intelbras|7896637681469||000007|00|85072010||85||18,00||
|0200|00868|Pilha Rayovac Am. Pal. 4un Rayovac Un|7896009761911||000001|00|||||18,00||
|0200|00876|Disco De Corte 4.1/2|7892261538612||000008|00|68042211||68||18,00||
|0200|00878|Lapis Carpinteiro|7891360492412||000008|00|96091000||96||18,00||
|0200|00883|Bucha Plast N. 10 Pol|7892261101694||000008|00|39269090||39||18,00|1301600|
|0200|00895|Havoline Semissintetico 15w40|||000001|00|27101932||27||18,00||
|0200|00898|Margarina Delicia c Sal 500g|7891080400087||000001|00|15171000||15||18,00|1702600|
|0200|00899|Harpic Pinho|7891035524271||000001|00|34022000||34||18,00|1100400|
|0200|00900|Biscoito Casaredo Rosca Leite 330g|7896408440592||000001|00|19053100||19||18,00||
|0200|00901|Pilha Comum Panasonic Aa|7896067200032||000001|00|85061020||85||18,00||
|0200|00902|Hortela Geriba 10gr|7896232801088||000001|00|09021000||09||18,00||
|0200|00903|Limao Tahiti Kg|||000005|00|||||18,00||
|0200|00905|Rosca De Coco Karina 350g|7896639900063||000001|00|19053100||19||18,00||
|0200|00906|Pilha Panasonic 3a Super Hyper 4un|7896067203033||000001|00|85061020||85||18,00||
|0200|00907|Odorizante Lady Prime Pitanga Preta 360ml|7898567702955||000001|00|||||18,00||
|0200|00909|Terminal Tipo Femea 0.5 - 1.5mm Pre-Isolado Fe-0005|||000007|00|85369090||85||18,00||
|0200|00166|Eixo Oco 3mm Canaletado   6mt|||000001|01|73089090||73||18,00|1005000|
|0200|00005|Fotocelula V2|||000001|00|85269200||85||0,00||
|0200|00017|Trilho Segmento Unico Para Portao Seccionado Long.3,8mts|||000001|01|84831019||84||0,00||
|0200|00014|Suporte De Montagem Para Porta Seccionado|||000001|01|73089090||73||0,00|1005000|
|0200|00044|Placa Eletronica De Controle Para Movimentacao|||000001|01|85269200||85||0,00||
|0200|00018|Magnete Permanente Para Portao|||000005|01|85013110||85||0,00|0109700|
|0200|00090|Cobertura Estetica De Plastico|||000001|01|39235000||39||0,00||
|0200|00024|Capa Plastica Estetica Branca Parafuso 6.3mm|||000001|01|39235000||39||0,00||
|0200|00153|Manilha|||000001|01|73089090||73||18,00|1005000|
|0200|00039|Parafuso De Perfuracao 6,3x19 Branco De Zinco|||000001|01|73181400||73||0,00||
|0200|00147|Rebite Branco 4 X12|||000012|01|83082000||83||18,00||
|0200|00071|Angular Para Ampedinagem 500 Mm|||000001|01|73089090||73||0,00|1005000|
|0200|00225|Garras De Ancoragem|||000001|01|73089090||73||18,00|1005000|
|0200|00189|Suporte Roda Superior 150 Esquerda|||000001|01|73089090||73||18,00|1005000|
|0200|00188|Suporte Roda Superior 150 Direta|||000001|01|73089090||73||18,00|1005000|
|0200|00199|Dobradiça Residencial Lateral|||000001|01|83021000||83||18,00|0102600|
|0200|00155|Par De Trava Quedas Residencial Até Portas De 20m2|||000001|01|73089090||73||18,00|1005000|
|0200|00154|Trilho De Aço-Al 3500 Mm|||000001|01|73089090||73||0,00|1005000|
|0200|00069|Juncao Eixo 4mm 25,4mm 110x70|||000001|01|73089090||73||0,00|1005000|
|0200|00216|Tubulares Laterais|||000001|01|73083000||73||18,00|1004700|
|0200|00041|Mola Da Torcao 50 5.5 l 890 Mm|||000001|01|73202010||73||18,00||
|0200|00032|Trilho Horizontal -Trilho Vertical 3660 m|||000001|01|73089090||73||18,00|1005000|
|0200|00025|Rodinha Em Nylon  x 200|||000014|01|39259090||39||0,00||
|0200|00865|Kit Portao Seccionado Automatizado Mod Botticelli (branco) 3.9100l x 2400 Al|||000001|01|73083000||73||17,00|1004700|
|0200|00863|Kit Portao Seccionado Automatizado Mod Botticelli (branco) 3600l x 2500 Al|||000001|01|73083000||73||18,00|1004700|
|0200|00866|Kit Portao Seccionado Automatizado Mod Botticelli (branco) 4.965 Lx 2.4400 a|||000001|01|73083000||73||18,00|1004700|
|0200|00885|Kit Portao Seccionado Automatizado Mod Botticelli (branco) 5.000lx 2.400 a|||000001|01|73083000||73||18,00|1004700|
|0200|00583|Kit Portão Seccionado Automatizado Mod Boticelli Res 2500lx 2600a|||000001|01|73083000||73||18,00|1004700|
|0200|00856|Kit Portão Seccionado Automatizado Mod Michelangelo Res 5600x2640a|||000001|01|73083000||73||18,00|1004700|
|0200|00864|Kit Portao Seccionado Automatizado Mod Botticelli (branco) 5200l x 2500 a|||000001|01|73083000||73||18,00|1004700|
|0200|00852|Kit Portao Seccionado Automatizado Mod Botticelli (branco) 5.700lx 2.600 a|||000001|01|73083000||73||18,00|1004700|
|0200|00886|Kit Portao Seccionado Automatizado Mod Botticelli (branco) 7.500l x 2.500 a|||000001|01|73083000||73||0,00|1004700|
|0200|00884|Kit Portao Seccionado Automatizado Mod Botticelli (branco) 5.800lx 2.600 a|||000001|01|73083000||73||18,00|1004700|
|0200|00861|Kit Portao Seccionado Automatizado Mod Botticelli (branco) 4.919 Lx 2.425 a|||000001|01|73083000||73||18,00|1004700|
|0200|00854|Kit Portao Seccionado Automatizado Mod Botticelli (branco) 5.800lx 2.400 a|||000001|04|73083000||73||18,00|1004700|
|0200|00853|Kit Portao Seccionado Automatizado Mod Botticelli (branco) 5.773l  x 2.610 a|||000001|01|73083000||73||18,00|1004700|
|0400|1556|Compra De Material P/ Uso Ou Consumo|
|0400|2556|Compra De Material P/ Uso Ou Consumo|
|0400|1101|Compra Mat. Prima Para Industrialização|
|0400|6101|Venda Produção Estabelecimento|
|0400|2102|Compra Fora Estado|
|0990|1056|
|B001|1|
|B990|2|
|C001|0|
|C100|1|0|2|55|00|1|000000990|41201222627025000233550010000009901000003522|01122020|01122020|19000,00|2|0,00|0,00|19000,00|0|0,00|0,00|0,00|19000,00|760,00|0,00|0,00|0,00|||||
|C190|300|6116|4,00|19000,00|19000,00|760,00|0,00|0,00|0,00|0,00||
|C100|1|0|3|55|00|1|000000991|41201222627025000233550010000009911000003384|01122020|01122020|14000,00|2|0,00|0,00|14000,00|0|0,00|0,00|0,00|14000,00|560,00|0,00|0,00|0,00|||||
|C190|300|6116|4,00|14000,00|14000,00|560,00|0,00|0,00|0,00|0,00||
|C100|1|0|4|55|00|1|000000992|41201222627025000233550010000009921000002598|01122020|01122020|11713,00|2|0,00|0,00|9000,39|0|0,00|0,00|0,00|9000,39|360,02|17070,14|2712,61|0,00|||||
|C190|310|6116|4,00|9000,39|9000,39|360,02|0,00|2712,72|0,00|0,00||
|C100|1|0||55|02|1|000000993|41201222627025000233550010000009931000002781|||||||||||||||||||||
|C100|0|1|5|55|00|1|000018314|41201282466541000174550010000183141002912730|01122020|02122020|2292,15|1|0,00|0,00|2292,15|0|0,00|0,00|0,00|0,00|0,00|0,00|0,00|0,00|||||
|C170|001|01437||100,00000|000001|550,00|0,00|0|101|1556|1556|0,00|0,00|0,00|0,00|0,00|0,00|0|01||550,00|0,00|0,00|99||||||99||||||||
|C170|002|00101||121,20000|000001|1187,75|0,00|0|101|1556|1556|0,00|0,00|0,00|0,00|0,00|0,00|0|01||1187,75|0,00|0,00|99||||||99||||||||
|C170|003|00055||8,00000|000002|554,40|0,00|0|101|1556|1556|0,00|0,00|0,00|0,00|0,00|0,00|0|01||554,40|0,00|0,00|99||||||99||||||||
|C190|101|1556|0,00|2292,15|0,00|0,00|0,00|0,00|0,00|0,00||
|C100|0|1|6|55|00|2|000002933|41201210688757000173550020000029331178673241|01122020|02122020|132,53|1|0,00|0,00|132,53|0|0,00|0,00|0,00|0,00|0,00|0,00|0,00|0,00|||||
|C170|001|00659||39,09500|000003|132,53|0,00|0|060|1556|1556|0,00|0,00|0,00|0,00|0,00|0,00|0|01||132,53|0,00|0,00|99||||||99||||||||
|C190|060|1556|0,00|132,53|0,00|0,00|0,00|0,00|0,00|0,00||
|C100|0|1|6|55|00|2|000002934|41201210688757000173550020000029341490987440|01122020|02122020|408,14|1|0,00|0,00|408,14|0|0,00|0,00|0,00|0,00|0,00|0,00|0,00|0,00|||||
|C170|001|00838||113,68900|000003|408,14|0,00|0|060|1556|1556|0,00|0,00|0,00|0,00|0,00|0,00|0|01||408,14|0,00|0,00|99||||||99||||||||
|C190|060|1556|0,00|408,14|0,00|0,00|0,00|0,00|0,00|0,00||
|C100|0|1|7|55|00|3|000018606|42201297374441000195550030000186061012248881|01122020|02122020|3888,65|1|0,00|0,00|3888,65|0|0,00|0,00|0,00|0,00|0,00|0,00|0,00|0,00|||||
|C170|001|01711||1,00000|000001|3888,65|0,00|0|101|2556|2556|0,00|0,00|0,00|0,00|0,00|0,00|0|01||3888,65|0,00|0,00|99||||||99||||||||
|C190|101|2556|0,00|3888,65|0,00|0,00|0,00|0,00|0,00|0,00||
|C100|1|0|8|55|00|1|000000994|41201222627025000233550010000009941000000506|02122020|02122020|100,00|2|0,00|0,00|100,00|0|0,00|0,00|0,00|0,00|0,00|0,00|0,00|0,00|||||
|C190|040|6911|0,00|100,00|0,00|0,00|0,00|0,00|0,00|0,00||
|C100|1|0|9|55|00|1|000000995|41201222627025000233550010000009951000004126|02122020|02122020|32,50|2|0,00|0,00|32,50|0|0,00|0,00|0,00|0,00|0,00|0,00|0,00|0,00|||||
|C190|040|6911|0,00|32,50|0,00|0,00|0,00|0,00|0,00|0,00||
|C100|0|1|10|55|00|1|000000615|41201233764718000103550010000006151323013316|02122020|02122020|1872,00|1|0,00|0,00|1872,00|0|0,00|0,00|0,00|0,00|0,00|0,00|0,00|0,00|||||
|C170|001|01712||36,00000|000001|1872,00|0,00|0|102|1556|1556|0,00|0,00|0,00|0,00|0,00|0,00|0|01||1872,00|0,00|0,00|99||||||99||||||||
|C190|102|1556|0,00|1872,00|0,00|0,00|0,00|0,00|0,00|0,00||
|C100|1|0|11|55|00|1|000000996|41201222627025000233550010000009961000004131|03122020|03122020|856,00|1|0,00|0,00|856,00|0|0,00|0,00|0,00|856,00|34,24|0,00|0,00|0,00|||||
|C190|100|6108|4,00|856,00|856,00|34,24|0,00|0,00|0,00|0,00||
|C100|0|1|12|55|00|4|000003475|41201218266843000108550040000034751901571841|03122020|03122020|310,32|1|0,00|0,00|310,32|0|0,00|0,00|0,00|0,00|0,00|0,00|0,00|0,00|||||
|C170|001|00462||58,79100|000003|263,97|0,00|0|060|1556|1556|0,00|0,00|0,00|0,00|0,00|0,00|0|01||263,97|0,00|0,00|99||||||99||||||||
|C170|002|00659||13,28100|000003|46,35|0,00|0|060|1556|1556|0,00|0,00|0,00|0,00|0,00|0,00|0|01||46,35|0,00|0,00|99||||||99||||||||
|C190|060|1556|0,00|310,32|0,00|0,00|0,00|0,00|0,00|0,00||
|C100|1|0|13|55|00|1|000000997|41201222627025000233550010000009971000004147|03122020|03122020|50,00|2|0,00|0,00|50,00|0|0,00|0,00|0,00|0,00|0,00|0,00|0,00|0,00|||||
|C190|040|6911|0,00|50,00|0,00|0,00|0,00|0,00|0,00|0,00||
|C100|1|0|14|55|00|1|000000998|41201222627025000233550010000009981000004004|03122020|03122020|45,00|2|0,00|0,00|45,00|0|0,00|0,00|0,00|0,00|0,00|0,00|0,00|0,00|||||
|C190|040|6911|0,00|45,00|0,00|0,00|0,00|0,00|0,00|0,00||
|C100|1|0|15|55|00|1|000000999|41201222627025000233550010000009991000002696|04122020|04122020|32000,00|2|0,00|0,00|32000,00|0|0,00|0,00|0,00|0,00|0,00|0,00|0,00|0,00|||||
|C190|300|5922|0,00|32000,00|0,00|0,00|0,00|0,00|0,00|0,00||
|C100|1|0|16|55|00|1|000001000|41201222627025000233550010000010001000004152|07122020|07122020|52,50|2|0,00|0,00|52,50|0|0,00|0,00|0,00|0,00|0,00|0,00|0,00|0,00|||||
|C190|040|6911|0,00|52,50|0,00|0,00|0,00|0,00|0,00|0,00||
|C100|1|0|17|55|00|1|000001001|41201222627025000233550010000010011000001061|07122020|07122020|10,00|2|0,00|0,00|10,00|1|0,00|0,00|0,00|10,00|0,40|0,00|0,00|0,00|||||
|C190|100|6910|4,00|10,00|10,00|0,40|0,00|0,00|0,00|0,00||
|C100|0|1|18|55|00|1|000000812|41201211162448000128550010000008121000340431|01122020|02122020|2520,60|1|0,00|0,00|2520,60|0|0,00|0,00|0,00|0,00|0,00|0,00|0,00|0,00|||||
|C170|001|01714||42,00000|000005|756,00|0,00|0|101|1556|1556|0,00|0,00|0,00|0,00|0,00|0,00|0|01||756,00|0,00|0,00|99||||||99||||||||
|C170|002|01715||30,60000|000005|489,60|0,00|0|101|1556|1556|0,00|0,00|0,00|0,00|0,00|0,00|0|01||489,60|0,00|0,00|99||||||99||||||||
|C170|003|01245||85,00000|000006|1275,00|0,00|0|101|1556|1556|0,00|0,00|0,00|0,00|0,00|0,00|0|01||1275,00|0,00|0,00|99||||||99||||||||
|C190|101|1556|0,00|2520,60|0,00|0,00|0,00|0,00|0,00|0,00||
|C100|0|1|19|55|00|6|000201768|35201143648971000155550060002017681060364623|30112020|08122020|492,84|1|0,00|0,00|348,80|1|33,90|0,00|0,00|348,80|13,95|492,84|71,87|38,27|||||
|C170|001|01362||4000,00000|000001|348,80|0,00|0|110|2556|2556|348,80|4,00|13,95|0,00|0,00|71,85|0|00||348,80|10,00|34,88|99||||||99||||||||
|C190|110|2556|4,00|417,58|348,80|13,95|0,00|71,85|0,00|34,88||
|C100|0|1|20|55|00|1|000021808|41201200066041000180550010000218081004356330|03122020|08122020|195,12|1|0,00|0,00|195,12|0|0,00|0,00|0,00|0,00|0,00|0,00|0,00|0,00|||||
|C170|001|01716||1,00000|000007|70,00|0,00|0|201|1556|1556|0,00|0,00|0,00|0,00|0,00|0,00|0|01||70,00|0,00|0,00|99||||||99||||||||
|C170|002|00780||736,00000|000008|125,12|0,00|0|101|1556|1556|0,00|0,00|0,00|0,00|0,00|0,00|0|01||125,12|0,00|0,00|99||||||99||||||||
|C190|201|1556|0,00|70,00|0,00|0,00|0,00|0,00|0,00|0,00||
|C190|101|1556|0,00|125,12|0,00|0,00|0,00|0,00|0,00|0,00||
|C100|0|1|21|55|00|1|000207630|41201211083556000105550010002076301283067622|04122020|08122020|4256,80|1|0,00|0,00|4256,80|0|0,00|0,00|0,00|4256,80|766,22|4256,80|0,00|0,00|||||
|C170|001|01522||10,00000|000009|4256,80|0,00|0|051|1556|1556|4256,80|18,00|766,22|0,00|0,00|0,00|0|01||4256,80|0,00|0,00|99||||||99||||||||
|C190|051|1556|18,00|4256,80|4256,80|766,22|0,00|0,00|0,00|0,00||
|C100|0|1|6|55|00|2|000002942|41201210688757000173550020000029421360017469|03122020|04122020|50,00|1|0,00|0,00|50,00|0|0,00|0,00|0,00|0,00|0,00|0,00|0,00|0,00|||||
|C170|001|00462||11,26200|000003|50,00|0,00|0|060|1556|1556|0,00|0,00|0,00|0,00|0,00|0,00|0|01||50,00|0,00|0,00|99||||||99||||||||
|C190|060|1556|0,00|50,00|0,00|0,00|0,00|0,00|0,00|0,00||
|C100|0|1|6|55|00|2|000002943|41201210688757000173550020000029431117113145|03122020|04122020|125,00|1|0,00|0,00|125,00|0|0,00|0,00|0,00|0,00|0,00|0,00|0,00|0,00|||||
|C170|001|00462||28,15400|000003|125,00|0,00|0|060|1556|1556|0,00|0,00|0,00|0,00|0,00|0,00|0|01||125,00|0,00|0,00|99||||||99||||||||
|C190|060|1556|0,00|125,00|0,00|0,00|0,00|0,00|0,00|0,00||
|C100|0|1|7|55|00|3|000018636|42201297374441000195550030000186361046611848|04122020|05122020|1063,00|1|0,00|0,00|1063,00|0|0,00|0,00|0,00|0,00|0,00|0,00|0,00|0,00|||||
|C170|001|01549||8,00000|000001|1063,00|0,00|0|101|2556|2556|0,00|0,00|0,00|0,00|0,00|0,00|0|01||1063,00|0,00|0,00|99||||||99||||||||
|C190|101|2556|0,00|1063,00|0,00|0,00|0,00|0,00|0,00|0,00||
|C100|0|1|7|55|00|3|000018605|42201297374441000195550030000186051000165687|01122020|02122020|834,77|1|0,00|0,00|834,77|0|0,00|0,00|0,00|0,00|0,00|0,00|0,00|0,00|||||
|C170|001|01549||5,00000|000001|834,77|0,00|0|101|2556|2556|0,00|0,00|0,00|0,00|0,00|0,00|0|01||834,77|0,00|0,00|99||||||99||||||||
|C190|101|2556|0,00|834,77|0,00|0,00|0,00|0,00|0,00|0,00||
|C100|0|1|22|55|00|1|000000510|41201121397019000193550010000005101000291610|27112020|08122020|9798,90|1|0,00|0,00|9798,90|0|0,00|0,00|0,00|0,00|0,00|0,00|0,00|0,00|||||
|C170|001|01717||1,00000|000007|9798,90|0,00|0|101|1556|1556|0,00|0,00|0,00|0,00|0,00|0,00|0|01||9798,90|0,00|0,00|99||||||99||||||||
|C190|101|1556|0,00|9798,90|0,00|0,00|0,00|0,00|0,00|0,00||
|C100|0|1|6|55|00|2|000002956|41201210688757000173550020000029561612158644|07122020|08122020|435,66|1|0,00|0,00|435,66|0|0,00|0,00|0,00|0,00|0,00|0,00|0,00|0,00|||||
|C170|001|00838||121,35400|000003|435,66|0,00|0|060|1556|1556|0,00|0,00|0,00|0,00|0,00|0,00|0|01||435,66|0,00|0,00|99||||||99||||||||
|C190|060|1556|0,00|435,66|0,00|0,00|0,00|0,00|0,00|0,00||
|C100|1|0|23|55|00|1|000001002|41201222627025000233550010000010021000002413|09122020|09122020|10040,00|2|0,00|0,00|10040,00|0|0,00|0,00|0,00|10040,00|1807,20|0,00|0,00|0,00|||||
|C190|300|5116|18,00|10040,00|10040,00|1807,20|0,00|0,00|0,00|0,00||
|C100|0|1|18|55|00|1|000000822|41201211162448000128550010000008221008605066|08122020|09122020|1140,00|1|0,00|0,00|1140,00|0|0,00|0,00|0,00|0,00|0,00|0,00|0,00|0,00|||||
|C170|001|01380||40,00000|000006|1140,00|0,00|0|101|1556|1556|0,00|0,00|0,00|0,00|0,00|0,00|0|01||1140,00|0,00|0,00|99||||||99||||||||
|C190|101|1556|0,00|1140,00|0,00|0,00|0,00|0,00|0,00|0,00||
|C100|0|1|24|55|00|1|000000368|41201204966293000117550010000003681078394187|08122020|09122020|491,24|1|0,00|0,00|491,24|0|0,00|0,00|0,00|0,00|0,00|0,00|0,00|0,00|||||
|C170|001|00674||1,00000|000001|9,99|0,00|0|400|1101|1101|0,00|0,00|0,00|0,00|0,00|0,00|0|01||9,99|0,00|0,00|99||||||99||||||||
|C170|002|00614||1,00000|000001|5,49|0,00|0|400|1101|1101|0,00|0,00|0,00|0,00|0,00|0,00|0|01||5,49|0,00|0,00|99||||||99||||||||
|C170|003|00614||1,00000|000001|1,79|0,00|0|400|1101|1101|0,00|0,00|0,00|0,00|0,00|0,00|0|01||1,79|0,00|0,00|99||||||99||||||||
|C170|004|00613||2,00000|000001|3,58|0,00|0|400|1101|1101|0,00|0,00|0,00|0,00|0,00|0,00|0|01||3,58|0,00|0,00|99||||||99||||||||
|C170|005|00613||1,00000|000001|1,45|0,00|0|400|1101|1101|0,00|0,00|0,00|0,00|0,00|0,00|0|01||1,45|0,00|0,00|99||||||99||||||||
|C170|006|00604||7,00000|000001|6,09|0,00|0|400|1101|1101|0,00|0,00|0,00|0,00|0,00|0,00|0|01||6,09|0,00|0,00|99||||||99||||||||
|C170|007|00598||4,00000|000001|3,48|0,00|0|400|1101|1101|0,00|0,00|0,00|0,00|0,00|0,00|0|01||3,48|0,00|0,00|99||||||99||||||||
|C170|008|00594||7,00000|000001|34,93|0,00|0|400|1101|1101|0,00|0,00|0,00|0,00|0,00|0,00|0|01||34,93|0,00|0,00|99||||||99||||||||
|C170|009|00544||8,00000|000001|71,92|0,00|0|400|1101|1101|0,00|0,00|0,00|0,00|0,00|0,00|0|01||71,92|0,00|0,00|99||||||99||||||||
|C170|010|00538||2,00000|000001|3,58|0,00|0|400|1101|1101|0,00|0,00|0,00|0,00|0,00|0,00|0|01||3,58|0,00|0,00|99||||||99||||||||
|C170|011|00538||2,00000|000001|2,90|0,00|0|400|1101|1101|0,00|0,00|0,00|0,00|0,00|0,00|0|01||2,90|0,00|0,00|99||||||99||||||||
|C170|012|00763||2,00000|000001|19,98|0,00|0|400|1101|1101|0,00|0,00|0,00|0,00|0,00|0,00|0|01||19,98|0,00|0,00|99||||||99||||||||
|C170|013|01730||1,00000|000001|3,99|0,00|0|500|1101|1101|0,00|0,00|0,00|0,00|0,00|0,00|0|01||3,99|0,00|0,00|99||||||99||||||||
|C170|014|01726||1,00000|000001|9,29|0,00|0|500|1101|1101|0,00|0,00|0,00|0,00|0,00|0,00|0|01||9,29|0,00|0,00|99||||||99||||||||
|C170|015|01722||1,00000|000001|12,49|0,00|0|500|1101|1101|0,00|0,00|0,00|0,00|0,00|0,00|0|01||12,49|0,00|0,00|99||||||99||||||||
|C170|016|01721||2,00000|000001|13,96|0,00|0|500|1101|1101|0,00|0,00|0,00|0,00|0,00|0,00|0|01||13,96|0,00|0,00|99||||||99||||||||
|C170|017|01720||1,00000|000001|3,49|0,00|0|500|1101|1101|0,00|0,00|0,00|0,00|0,00|0,00|0|01||3,49|0,00|0,00|99||||||99||||||||
|C170|018|01719||1,00000|000001|7,75|0,00|0|500|1101|1101|0,00|0,00|0,00|0,00|0,00|0,00|0|01||7,75|0,00|0,00|99||||||99||||||||
|C170|019|01226||1,00000|000001|13,49|0,00|0|500|1101|1101|0,00|0,00|0,00|0,00|0,00|0,00|0|01||13,49|0,00|0,00|99||||||99||||||||
|C170|020|01054||2,00000|000001|3,58|0,00|0|500|1101|1101|0,00|0,00|0,00|0,00|0,00|0,00|0|01||3,58|0,00|0,00|99||||||99||||||||
|C170|021|00896||1,00000|000001|4,85|0,00|0|500|1101|1101|0,00|0,00|0,00|0,00|0,00|0,00|0|01||4,85|0,00|0,00|99||||||99||||||||
|C170|022|00772||1,00000|000001|5,99|0,00|0|500|1101|1101|0,00|0,00|0,00|0,00|0,00|0,00|0|01||5,99|0,00|0,00|99||||||99||||||||
|C170|023|00705||3,00000|000001|13,47|0,00|0|500|1101|1101|0,00|0,00|0,00|0,00|0,00|0,00|0|01||13,47|0,00|0,00|99||||||99||||||||
|C170|024|00705||2,00000|000001|11,38|0,00|0|500|1101|1101|0,00|0,00|0,00|0,00|0,00|0,00|0|01||11,38|0,00|0,00|99||||||99||||||||
|C170|025|00615||1,00000|000001|4,49|0,00|0|500|1101|1101|0,00|0,00|0,00|0,00|0,00|0,00|0|01||4,49|0,00|0,00|99||||||99||||||||
|C170|026|00611||2,00000|000001|8,30|0,00|0|500|1101|1101|0,00|0,00|0,00|0,00|0,00|0,00|0|01||8,30|0,00|0,00|99||||||99||||||||
|C170|027|00605||3,00000|000001|4,35|0,00|0|500|1101|1101|0,00|0,00|0,00|0,00|0,00|0,00|0|01||4,35|0,00|0,00|99||||||99||||||||
|C170|028|00605||1,00000|000001|1,79|0,00|0|500|1101|1101|0,00|0,00|0,00|0,00|0,00|0,00|0|01||1,79|0,00|0,00|99||||||99||||||||
|C170|029|00601||2,00000|000001|3,98|0,00|0|500|1101|1101|0,00|0,00|0,00|0,00|0,00|0,00|0|01||3,98|0,00|0,00|99||||||99||||||||
|C170|030|00589||1,00000|000001|1,79|0,00|0|500|1101|1101|0,00|0,00|0,00|0,00|0,00|0,00|0|01||1,79|0,00|0,00|99||||||99||||||||
|C170|031|00545||6,00000|000001|29,94|0,00|0|500|1101|1101|0,00|0,00|0,00|0,00|0,00|0,00|0|01||29,94|0,00|0,00|99||||||99||||||||
|C170|032|00545||1,00000|000001|5,49|0,00|0|500|1101|1101|0,00|0,00|0,00|0,00|0,00|0,00|0|01||5,49|0,00|0,00|99||||||99||||||||
|C170|033|00539||3,00000|000001|4,35|0,00|0|500|1101|1101|0,00|0,00|0,00|0,00|0,00|0,00|0|01||4,35|0,00|0,00|99||||||99||||||||
|C170|034|00539||2,00000|000001|3,58|0,00|0|500|1101|1101|0,00|0,00|0,00|0,00|0,00|0,00|0|01||3,58|0,00|0,00|99||||||99||||||||
|C170|035|01729||2,00000|000001|8,98|0,00|0|400|1101|1101|0,00|0,00|0,00|0,00|0,00|0,00|0|01||8,98|0,00|0,00|99||||||99||||||||
|C170|036|01728||1,00000|000001|4,49|0,00|0|400|1101|1101|0,00|0,00|0,00|0,00|0,00|0,00|0|01||4,49|0,00|0,00|99||||||99||||||||
|C170|037|01727||1,07200|000005|12,85|0,00|0|400|1101|1101|0,00|0,00|0,00|0,00|0,00|0,00|0|01||12,85|0,00|0,00|99||||||99||||||||
|C170|038|01725||0,46400|000005|8,90|0,00|0|400|1101|1101|0,00|0,00|0,00|0,00|0,00|0,00|0|01||8,90|0,00|0,00|99||||||99||||||||
|C170|039|01724||1,00000|000001|4,49|0,00|0|400|1101|1101|0,00|0,00|0,00|0,00|0,00|0,00|0|01||4,49|0,00|0,00|99||||||99||||||||
|C170|040|01723||0,35400|000001|7,07|0,00|0|400|1101|1101|0,00|0,00|0,00|0,00|0,00|0,00|0|01||7,07|0,00|0,00|99||||||99||||||||
|C170|041|01718||2,00000|000001|1,38|0,00|0|400|1101|1101|0,00|0,00|0,00|0,00|0,00|0,00|0|01||1,38|0,00|0,00|99||||||99||||||||
|C170|042|01299||2,00000|000001|1,74|0,00|0|400|1101|1101|0,00|0,00|0,00|0,00|0,00|0,00|0|01||1,74|0,00|0,00|99||||||99||||||||
|C170|043|01228||1,00000|000001|5,75|0,00|0|400|1101|1101|0,00|0,00|0,00|0,00|0,00|0,00|0|01||5,75|0,00|0,00|99||||||99||||||||
|C170|044|01010||0,68400|000005|9,56|0,00|0|400|1101|1101|0,00|0,00|0,00|0,00|0,00|0,00|0|01||9,56|0,00|0,00|99||||||99||||||||
|C170|045|01010||0,30300|000005|4,75|0,00|0|400|1101|1101|0,00|0,00|0,00|0,00|0,00|0,00|0|01||4,75|0,00|0,00|99||||||99||||||||
|C170|046|00930||2,00000|000001|1,74|0,00|0|400|1101|1101|0,00|0,00|0,00|0,00|0,00|0,00|0|01||1,74|0,00|0,00|99||||||99||||||||
|C170|047|00904||3,00000|000001|13,95|0,00|0|400|1101|1101|0,00|0,00|0,00|0,00|0,00|0,00|0|01||13,95|0,00|0,00|99||||||99||||||||
|C170|048|00897||8,00000|000001|59,92|0,00|0|400|1101|1101|0,00|0,00|0,00|0,00|0,00|0,00|0|01||59,92|0,00|0,00|99||||||99||||||||
|C170|049|00738||4,00000|000001|3,48|0,00|0|400|1101|1101|0,00|0,00|0,00|0,00|0,00|0,00|0|01||3,48|0,00|0,00|99||||||99||||||||
|C170|050|00705||2,00000|000001|1,74|0,00|0|400|1101|1101|0,00|0,00|0,00|0,00|0,00|0,00|0|01||1,74|0,00|0,00|99||||||99||||||||
|C170|051|00675||4,00000|000001|3,48|0,00|0|400|1101|1101|0,00|0,00|0,00|0,00|0,00|0,00|0|01||3,48|0,00|0,00|99||||||99||||||||
|C190|400|1101|0,00|319,45|0,00|0,00|0,00|0,00|0,00|0,00||
|C190|500|1101|0,00|171,79|0,00|0,00|0,00|0,00|0,00|0,00||
|C100|1|0|25|55|00|1|000001003|41201222627025000233550010000010031000003271|10122020|10122020|600,00|2|0,00|0,00|600,00|0|0,00|0,00|0,00|600,00|24,00|0,00|0,00|0,00|||||
|C190|100|6949|4,00|600,00|600,00|24,00|0,00|0,00|0,00|0,00||
|C100|1|0|26|55|00|1|000001004|41201222627025000233550010000010041000000520|10122020|10122020|9700,00|2|0,00|0,00|9700,00|0|0,00|0,00|0,00|9700,00|388,00|0,00|0,00|0,00|||||
|C190|300|6116|4,00|9700,00|9700,00|388,00|0,00|0,00|0,00|0,00||
|C100|1|0|27|55|00|1|000001005|41201222627025000233550010000010051000004167|10122020|10122020|6000,00|2|0,00|0,00|6000,00|0|0,00|0,00|0,00|0,00|0,00|0,00|0,00|0,00|||||
|C190|040|6914|0,00|6000,00|0,00|0,00|0,00|0,00|0,00|0,00||
|C100|0|1|6|55|00|2|000002961|41201210688757000173550020000029611723925015|09122020|10122020|50,00|1|0,00|0,00|50,00|0|0,00|0,00|0,00|0,00|0,00|0,00|0,00|0,00|||||
|C170|001|00730||11,16100|000003|50,00|0,00|0|060|1556|1556|0,00|0,00|0,00|0,00|0,00|0,00|0|01||50,00|0,00|0,00|99||||||99||||||||
|C190|060|1556|0,00|50,00|0,00|0,00|0,00|0,00|0,00|0,00||
|C100|0|1|6|55|00|2|000002964|41201210688757000173550020000029641522085020|10122020|11122020|125,00|1|0,00|0,00|125,00|0|0,00|0,00|0,00|0,00|0,00|0,00|0,00|0,00|||||
|C170|001|00462||28,15400|000003|125,00|0,00|0|060|1556|1556|0,00|0,00|0,00|0,00|0,00|0,00|0|01||125,00|0,00|0,00|99||||||99||||||||
|C190|060|1556|0,00|125,00|0,00|0,00|0,00|0,00|0,00|0,00||
|C100|0|1|6|55|00|2|000002965|41201210688757000173550020000029651412250163|10122020|11122020|162,95|1|0,00|0,00|162,95|0|0,00|0,00|0,00|0,00|0,00|0,00|0,00|0,00|||||
|C170|001|00462||36,70100|000003|162,95|0,00|0|060|1556|1556|0,00|0,00|0,00|0,00|0,00|0,00|0|01||162,95|0,00|0,00|99||||||99||||||||
|C190|060|1556|0,00|162,95|0,00|0,00|0,00|0,00|0,00|0,00||
|C100|0|1|20|55|00|1|000021868|41201200066041000180550010000218681004367666|09122020|10122020|103,00|1|0,00|0,00|103,00|0|0,00|0,00|0,00|0,00|0,00|0,00|0,00|0,00|||||
|C170|001|01700||1,00000|000007|5,00|0,00|0|500|1556|1556|0,00|0,00|0,00|0,00|0,00|0,00|0|01||5,00|0,00|0,00|99||||||99||||||||
|C170|002|01733||7,00000|000007|98,00|0,00|0|101|1556|1556|0,00|0,00|0,00|0,00|0,00|0,00|0|01||98,00|0,00|0,00|99||||||99||||||||
|C190|500|1556|0,00|5,00|0,00|0,00|0,00|0,00|0,00|0,00||
|C190|101|1556|0,00|98,00|0,00|0,00|0,00|0,00|0,00|0,00||
|C100|0|1|28|55|00|1|000002892|41201233853055000101550010000028921000968431|09122020|10122020|566,79|1|0,00|0,00|566,79|0|0,00|0,00|0,00|0,00|0,00|0,00|0,00|0,00|||||
|C170|001|00937||1,00000|000001|8,49|0,00|0|102|1556|1556|0,00|0,00|0,00|0,00|0,00|0,00|0|01||8,49|0,00|0,00|99||||||99||||||||
|C170|002|01271||12,00000|000001|39,00|0,00|0|500|1556|1556|0,00|0,00|0,00|0,00|0,00|0,00|0|01||39,00|0,00|0,00|99||||||99||||||||
|C170|003|01264||2,00000|000010|139,80|0,00|0|500|1556|1556|0,00|0,00|0,00|0,00|0,00|0,00|0|01||139,80|0,00|0,00|99||||||99||||||||
|C170|004|01202||5,00000|000001|379,50|0,00|0|102|1556|1556|0,00|0,00|0,00|0,00|0,00|0,00|0|01||379,50|0,00|0,00|99||||||99||||||||
|C190|102|1556|0,00|387,99|0,00|0,00|0,00|0,00|0,00|0,00||
|C190|500|1556|0,00|178,80|0,00|0,00|0,00|0,00|0,00|0,00||
|C100|1|0|29|55|00|1|000001006|41201222627025000233550010000010061000002455|11122020|11122020|7270,00|2|0,00|0,00|7270,00|0|0,00|0,00|0,00|7270,00|290,80|0,00|0,00|0,00|||||
|C190|310|6116|4,00|7270,00|7270,00|290,80|0,00|0,00|0,00|0,00||
|C100|1|0|30|55|00|1|000001007|41201222627025000233550010000010071000002290|11122020|11122020|32850,00|2|0,00|0,00|32850,00|0|0,00|0,00|0,00|32850,00|1314,00|0,00|0,00|0,00|||||
|C190|300|6116|4,00|32850,00|32850,00|1314,00|0,00|0,00|0,00|0,00||
|C100|0|1|21|55|00|1|000208659|41201211083556000105550010002086591738776883|11122020|14122020|2792,70|1|0,00|0,00|2792,70|0|0,00|0,00|0,00|2792,70|502,69|2792,70|0,00|0,00|||||
|C170|001|01522||10,00000|000009|2792,70|0,00|0|051|1556|1556|2792,70|18,00|502,69|0,00|0,00|0,00|0|01||2792,70|0,00|0,00|99||||||99||||||||
|C190|051|1556|18,00|2792,70|2792,70|502,69|0,00|0,00|0,00|0,00||
|C100|0|1|6|55|00|2|000002977|41201210688757000173550020000029771305626721|14122020|14122020|50,00|1|0,00|0,00|50,00|0|0,00|0,00|0,00|0,00|0,00|0,00|0,00|0,00|||||
|C170|001|00462||11,26200|000003|50,00|0,00|0|060|1556|1556|0,00|0,00|0,00|0,00|0,00|0,00|0|01||50,00|0,00|0,00|99||||||99||||||||
|C190|060|1556|0,00|50,00|0,00|0,00|0,00|0,00|0,00|0,00||
|C100|0|1|6|55|00|2|000002974|41201210688757000173550020000029741147330973|12122020|13122020|125,00|1|0,00|0,00|125,00|0|0,00|0,00|0,00|0,00|0,00|0,00|0,00|0,00|||||
|C170|001|00730||27,90200|000003|125,00|0,00|0|060|1556|1556|0,00|0,00|0,00|0,00|0,00|0,00|0|01||125,00|0,00|0,00|99||||||99||||||||
|C190|060|1556|0,00|125,00|0,00|0,00|0,00|0,00|0,00|0,00||
|C100|0|1|6|55|00|2|000002979|41201210688757000173550020000029791126812215|14122020|14122020|202,96|1|0,00|0,00|202,96|0|0,00|0,00|0,00|0,00|0,00|0,00|0,00|0,00|||||
|C170|001|00462||45,71200|000003|202,96|0,00|0|060|1556|1556|0,00|0,00|0,00|0,00|0,00|0,00|0|01||202,96|0,00|0,00|99||||||99||||||||
|C190|060|1556|0,00|202,96|0,00|0,00|0,00|0,00|0,00|0,00||
|C100|1|0|31|55|00|1|000001008|41201222627025000233550010000010081000003294|14122020|14122020|13973,88|2|0,00|0,00|13973,88|0|0,00|0,00|0,00|0,00|0,00|0,00|0,00|0,00|||||
|C190|300|6922|0,00|13973,88|0,00|0,00|0,00|0,00|0,00|0,00||
|C100|1|0|31|01|00|3|000001008||14122020|14122020|13973,88|1|0,00|0,00|13973,88|0|0,00|0,00|0,00|0,00|0,00|0,00|0,00|0,00|||||
|C140|0|00||1008|02|13973,88|
|C141|2|30012021|6973,88|
|C141|1|14122020|7000,00|
|C160|||0|0,00|0,00||
|C170|001|01734||1,00000|000001|13973,88|0,00|0|300|6101|6101|0,00|0,00|0,00|0,00|0,00|0,00|0|51||13973,88|0,00|0,00|99||||||99||||||||
|C190|300|6101|0,00|13973,88|0,00|0,00|0,00|0,00|0,00|0,00||
|C100|1|0|32|55|00|1|000001009|41201222627025000233550010000010091000004174|14122020|14122020|20,00|2|0,00|0,00|20,00|0|0,00|0,00|0,00|0,00|0,00|0,00|0,00|0,00|||||
|C190|040|6914|0,00|20,00|0,00|0,00|0,00|0,00|0,00|0,00||
|C100|1|0|33|55|00|1|000001010|41201222627025000233550010000010101000004183|15122020|15122020|22055,16|2|0,00|0,00|22055,16|0|0,00|0,00|0,00|0,00|0,00|0,00|0,00|0,00|||||
|C190|300|6922|0,00|22055,16|0,00|0,00|0,00|0,00|0,00|0,00||
|C100|1|0|33|01|00|3|000001010||15122020|15122020|22055,16|1|0,00|0,00|22055,16|0|0,00|0,00|0,00|0,00|0,00|0,00|0,00|0,00|||||
|C140|0|00||1010|02|22055,16|
|C141|1|15122020|11027,58|
|C141|2|14022021|11027,58|
|C160|||0|0,00|0,00||
|C170|001|01735||1,00000|000001|22055,16|0,00|0|300|6101|6101|0,00|0,00|0,00|0,00|0,00|0,00|0|51||22055,16|0,00|0,00|99||||||99||||||||
|C190|300|6101|0,00|22055,16|0,00|0,00|0,00|0,00|0,00|0,00||
|C100|1|0|34|55|00|1|000001011|41201222627025000233550010000010111000004199|15122020|15122020|69855,00|2|0,00|0,00|69855,00|0|0,00|0,00|0,00|0,00|0,00|0,00|0,00|0,00|||||
|C190|300|6922|0,00|69855,00|0,00|0,00|0,00|0,00|0,00|0,00||
|C100|1|0|34|01|00|3|000001011||15122020|15122020|69855,00|1|0,00|0,00|69855,00|0|0,00|0,00|0,00|0,00|0,00|0,00|0,00|0,00|||||
|C140|0|00||1011|03|69855,00|
|C141|1|15122020|25742,00|
|C141|3|14022021|22056,50|
|C141|2|14012021|22056,50|
|C160|||0|0,00|0,00||
|C170|001|01736||1,00000|000001|69855,00|0,00|0|300|6101|6101|0,00|0,00|0,00|0,00|0,00|0,00|0|51||69855,00|0,00|0,00|99||||||99||||||||
|C190|300|6101|0,00|69855,00|0,00|0,00|0,00|0,00|0,00|0,00||
|C100|0|1|6|55|00|2|000002984|41201210688757000173550020000029841199402904|15122020|16122020|358,26|1|0,00|0,00|358,26|0|0,00|0,00|0,00|0,00|0,00|0,00|0,00|0,00|||||
|C170|001|00838||99,79400|000003|358,26|0,00|0|060|1556|1556|0,00|0,00|0,00|0,00|0,00|0,00|0|01||358,26|0,00|0,00|99||||||99||||||||
|C190|060|1556|0,00|358,26|0,00|0,00|0,00|0,00|0,00|0,00||
|C100|0|1|7|55|00|3|000018696|42201297374441000195550030000186961001421282|11122020|12122020|1063,04|1|0,00|0,00|1063,04|0|0,00|0,00|0,00|0,00|0,00|0,00|0,00|0,00|||||
|C170|001|01549||8,00000|000001|1063,04|0,00|0|101|2556|2556|0,00|0,00|0,00|0,00|0,00|0,00|0|01||1063,04|0,00|0,00|99||||||99||||||||
|C190|101|2556|0,00|1063,04|0,00|0,00|0,00|0,00|0,00|0,00||
|C100|0|1|6|55|00|2|000002982|41201210688757000173550020000029821380556425|14122020|15122020|169,72|1|0,00|0,00|169,72|0|0,00|0,00|0,00|0,00|0,00|0,00|0,00|0,00|||||
|C170|001|00730||37,88400|000003|169,72|0,00|0|060|1556|1556|0,00|0,00|0,00|0,00|0,00|0,00|0|01||169,72|0,00|0,00|99||||||99||||||||
|C190|060|1556|0,00|169,72|0,00|0,00|0,00|0,00|0,00|0,00||
|C100|0|1|35|55|00|1|000030976|41201202355754000190550010000309761842700750|15122020|16122020|127,80|1|0,00|0,00|127,80|0|0,00|0,00|0,00|0,00|0,00|0,00|0,00|0,00|||||
|C170|001|01737||1,00000|000007|127,80|0,00|0|102|1556|1556|0,00|0,00|0,00|0,00|0,00|0,00|0|01||127,80|0,00|0,00|99||||||99||||||||
|C190|102|1556|0,00|127,80|0,00|0,00|0,00|0,00|0,00|0,00||
|C100|1|0|36|55|00|1|000001012|41201222627025000233550010000010121000004102|17122020|17122020|42624,00|2|0,00|0,00|42624,00|0|0,00|0,00|0,00|42624,00|1704,96|0,00|0,00|0,00|||||
|C190|300|6116|4,00|42624,00|42624,00|1704,96|0,00|0,00|0,00|0,00||
|C100|1|0|37|55|00|1|000001013|41201222627025000233550010000010131000003618|17122020|17122020|24724,00|2|0,00|0,00|24724,00|0|0,00|0,00|0,00|24724,00|988,96|0,00|0,00|0,00|||||
|C190|300|6116|4,00|24724,00|24724,00|988,96|0,00|0,00|0,00|0,00||
|C100|0|1|38|55|00|1|000020767|41201210839633000141550010000207671035654522|16122020|17122020|165,00|1|0,00|0,00|165,00|0|0,00|0,00|0,00|0,00|0,00|0,00|0,00|0,00|||||
|C170|001|00973||1,00000|000011|80,00|0,00|0|102|1556|1556|0,00|0,00|0,00|0,00|0,00|0,00|0|01||80,00|0,00|0,00|99||||||99||||||||
|C170|002|01739||2,00000|000001|10,00|0,00|0|102|1556|1556|0,00|0,00|0,00|0,00|0,00|0,00|0|01||10,00|0,00|0,00|99||||||99||||||||
|C170|003|01738||1,00000|000001|75,00|0,00|0|102|1556|1556|0,00|0,00|0,00|0,00|0,00|0,00|0|01||75,00|0,00|0,00|99||||||99||||||||
|C190|102|1556|0,00|165,00|0,00|0,00|0,00|0,00|0,00|0,00||
|C100|0|1|39|55|00|0|000749656|41201203304180000193550000007496561613449053|16122020|17122020|1188,06|1|0,00|0,00|1188,06|0|0,00|0,00|0,00|462,03|83,17|741,60|0,00|0,00|||||
|C170|001|01742||12,00000|000001|251,76|0,00|0|020|1556|1556|251,76|18,00|45,32|0,00|0,00|0,00|0|01||251,76|0,00|0,00|99||||||99||||||||
|C170|002|01741||15,00000|000001|194,70|0,00|0|020|1556|1556|194,70|18,00|35,05|0,00|0,00|0,00|0|01||194,70|0,00|0,00|99||||||99||||||||
|C170|003|01740||12,00000|000001|741,60|0,00|0|020|1556|1556|741,60|18,00|133,49|0,00|0,00|0,00|0|01||741,60|0,00|0,00|99||||||99||||||||
|C190|020|1556|18,00|1188,06|1188,06|213,85|0,00|0,00|0,00|0,00||
|C100|1|0|40|55|00|1|000001014|41201222627025000233550010000010141000004204|17122020|17122020|26444,00|2|0,00|0,00|26444,00|0|0,00|0,00|0,00|0,00|0,00|0,00|0,00|0,00|||||
|C190|300|6922|0,00|26444,00|0,00|0,00|0,00|0,00|0,00|0,00||
|C100|0|1|41|55|00|1|000000630|41201207549921000157550010000006301009404666|17122020|18122020|6772,50|1|0,00|0,00|6772,50|0|0,00|0,00|0,00|0,00|0,00|0,00|0,00|0,00|||||
|C170|001|01744||1,00000|000001|6322,50|0,00|0|102|1556|1556|0,00|0,00|0,00|0,00|0,00|0,00|0|01||6322,50|0,00|0,00|99||||||99||||||||
|C170|002|00715||1,00000|000001|450,00|0,00|0|102|1556|1556|0,00|0,00|0,00|0,00|0,00|0,00|0|01||450,00|0,00|0,00|99||||||99||||||||
|C190|102|1556|0,00|6772,50|0,00|0,00|0,00|0,00|0,00|0,00||
|C100|0|0|42|01|00|1|000001016||29122020|31122020|18224,50|2|0,00|0,00|18224,50|0|0,00|0,00|0,00|18224,50|2186,94|0,00|0,00|0,00|||||
|C170|001|00991||70,00000|000001|70,00|0,00|0|060|2102|2102|70,00|12,00|8,40|0,00|0,00|0,00|0|00||70,00|0,00|0,00|99||||||99||||||||
|C170|002|00995||100,00000|000001|100,00|0,00|0|060|2102|2102|100,00|12,00|12,00|0,00|0,00|0,00|0|01||100,00|0,00|0,00|99||||||99||||||||
|C170|003|00996||50,00000|000001|50,00|0,00|0|060|2102|2102|50,00|12,00|6,00|0,00|0,00|0,00|0|01||50,00|0,00|0,00|99||||||99||||||||
|C170|004|01057||70,00000|000001|70,00|0,00|0|060|2102|2102|70,00|12,00|8,40|0,00|0,00|0,00|0|00||70,00|0,00|0,00|99||||||99||||||||
|C170|005|01058||70,00000|000001|70,00|0,00|0|060|2102|2102|70,00|12,00|8,40|0,00|0,00|0,00|0|00||70,00|0,00|0,00|99||||||99||||||||
|C170|006|01060||70,00000|000001|70,00|0,00|0|060|2102|2102|70,00|12,00|8,40|0,00|0,00|0,00|0|01||70,00|0,00|0,00|99||||||99||||||||
|C170|007|01061||70,00000|000001|70,00|0,00|0|060|2102|2102|70,00|12,00|8,40|0,00|0,00|0,00|0|00||70,00|0,00|0,00|99||||||99||||||||
|C170|008|01065||100,00000|000005|100,00|0,00|0|060|2102|2102|100,00|12,00|12,00|0,00|0,00|0,00|0|01||100,00|0,00|0,00|99||||||99||||||||
|C170|009|01086||20,00000|000005|20,00|0,00|0|060|2102|2102|20,00|12,00|2,40|0,00|0,00|0,00|0|00||20,00|0,00|0,00|99||||||99||||||||
|C170|010|01462||200,00000|000001|200,00|0,00|0|060|2102|2102|200,00|12,00|24,00|0,00|0,00|0,00|0|00||200,00|0,00|0,00|99||||||99||||||||
|C170|011|01463||5,00000|000001|5,00|0,00|0|060|2102|2102|5,00|12,00|0,60|0,00|0,00|0,00|0|01||5,00|0,00|0,00|99||||||99||||||||
|C170|012|01464||1,00000|000001|100,00|0,00|0|060|2102|2102|100,00|12,00|12,00|0,00|0,00|0,00|0|01||100,00|0,00|0,00|99||||||99||||||||
|C170|013|01465||100,00000|000001|100,00|0,00|0|060|2102|2102|100,00|12,00|12,00|0,00|0,00|0,00|0|01||100,00|0,00|0,00|99||||||99||||||||
|C170|014|01466||100,00000|000001|100,00|0,00|0|060|2102|2102|100,00|12,00|12,00|0,00|0,00|0,00|0|01||100,00|0,00|0,00|99||||||99||||||||
|C170|015|01467||250,00000|000001|250,00|0,00|0|060|2102|2102|250,00|12,00|30,00|0,00|0,00|0,00|0|01||250,00|0,00|0,00|99||||||99||||||||
|C170|016|01468||50,00000|000001|50,00|0,00|0|060|2102|2102|50,00|12,00|6,00|0,00|0,00|0,00|0|01||50,00|0,00|0,00|99||||||99||||||||
|C170|017|01469||10000,00000|000001|10000,00|0,00|0|060|2102|2102|10000,00|12,00|1200,00|0,00|0,00|0,00|0|01||10000,00|0,00|0,00|99||||||99||||||||
|C170|018|01470||200,00000|000001|200,00|0,00|0|060|2102|2102|200,00|12,00|24,00|0,00|0,00|0,00|0|01||200,00|0,00|0,00|99||||||99||||||||
|C170|019|01471||5,00000|000001|5,00|0,00|0|060|2102|2102|5,00|12,00|0,60|0,00|0,00|0,00|0|01||5,00|0,00|0,00|99||||||99||||||||
|C170|020|01475||20,00000|000001|20,00|0,00|0|060|2102|2102|20,00|12,00|2,40|0,00|0,00|0,00|0|01||20,00|0,00|0,00|99||||||99||||||||
|C170|021|01489||195,50000|000012|195,50|0,00|0|060|2102|2102|195,50|12,00|23,46|0,00|0,00|0,00|0|00||195,50|0,00|0,00|99||||||99||||||||
|C170|022|01491||195,50000|000012|195,50|0,00|0|060|2102|2102|195,50|12,00|23,46|0,00|0,00|0,00|0|00||195,50|0,00|0,00|99||||||99||||||||
|C170|023|01492||195,50000|000012|195,50|0,00|0|060|2102|2102|195,50|12,00|23,46|0,00|0,00|0,00|0|00||195,50|0,00|0,00|99||||||99||||||||
|C170|024|01493||195,50000|000012|195,50|0,00|0|060|2102|2102|195,50|12,00|23,46|0,00|0,00|0,00|0|00||195,50|0,00|0,00|99||||||99||||||||
|C170|025|01745||15,00000|000001|15,00|0,00|0|060|2102|2102|15,00|12,00|1,80|0,00|0,00|0,00|0|00||15,00|0,00|0,00|99||||||99||||||||
|C170|026|01746||42,00000|000012|42,00|0,00|0|060|2102|2102|42,00|12,00|5,04|0,00|0,00|0,00|0|00||42,00|0,00|0,00|99||||||99||||||||
|C170|027|01747||195,50000|000012|195,50|0,00|0|060|2102|2102|195,50|12,00|23,46|0,00|0,00|0,00|0|00||195,50|0,00|0,00|99||||||99||||||||
|C170|028|01748||50,00000|000001|50,00|0,00|0|060|2102|2102|50,00|12,00|6,00|0,00|0,00|0,00|0|00||50,00|0,00|0,00|99||||||99||||||||
|C170|029|01749||50,00000|000001|50,00|0,00|0|060|2102|2102|50,00|12,00|6,00|0,00|0,00|0,00|0|00||50,00|0,00|0,00|99||||||99||||||||
|C170|030|00033||15,00000|000001|15,00|0,00|0|060|2102|2102|15,00|12,00|1,80|0,00|0,00|0,00|0|00||15,00|0,00|0,00|99||||||99||||||||
|C170|031|00040||15,00000|000001|15,00|0,00|0|060|2102|2102|15,00|12,00|1,80|0,00|0,00|0,00|0|01||15,00|0,00|0,00|99||||||99||||||||
|C170|032|00061||70,00000|000001|70,00|0,00|0|060|2102|2102|70,00|12,00|8,40|0,00|0,00|0,00|0|01||70,00|0,00|0,00|99||||||99||||||||
|C170|033|00062||15,00000|000001|15,00|0,00|0|060|2102|2102|15,00|12,00|1,80|0,00|0,00|0,00|0|00||15,00|0,00|0,00|99||||||99||||||||
|C170|034|00066||500,00000|000001|500,00|0,00|0|060|2102|2102|500,00|12,00|60,00|0,00|0,00|0,00|0|01||500,00|0,00|0,00|99||||||99||||||||
|C170|035|00067||450,00000|000001|450,00|0,00|0|060|2102|2102|450,00|12,00|54,00|0,00|0,00|0,00|0|01||450,00|0,00|0,00|99||||||99||||||||
|C170|036|00068||360,00000|000001|360,00|0,00|0|060|2102|2102|360,00|12,00|43,20|0,00|0,00|0,00|0|01||360,00|0,00|0,00|99||||||99||||||||
|C170|037|00074||100,00000|000001|100,00|0,00|0|060|2102|2102|100,00|12,00|12,00|0,00|0,00|0,00|0|00||100,00|0,00|0,00|99||||||99||||||||
|C170|038|00075||100,00000|000001|100,00|0,00|0|060|2102|2102|100,00|12,00|12,00|0,00|0,00|0,00|0|00||100,00|0,00|0,00|99||||||99||||||||
|C170|039|00080||10,00000|000001|10,00|0,00|0|060|2102|2102|10,00|12,00|1,20|0,00|0,00|0,00|0|01||10,00|0,00|0,00|99||||||99||||||||
|C170|040|00081||10,00000|000001|10,00|0,00|0|060|2102|2102|10,00|12,00|1,20|0,00|0,00|0,00|0|01||10,00|0,00|0,00|99||||||99||||||||
|C170|041|00159||50,00000|000001|50,00|0,00|0|060|2102|2102|50,00|12,00|6,00|0,00|0,00|0,00|0|00||50,00|0,00|0,00|99||||||99||||||||
|C170|042|00168||10,00000|000001|10,00|0,00|0|060|2102|2102|10,00|12,00|1,20|0,00|0,00|0,00|0|01||10,00|0,00|0,00|99||||||99||||||||
|C170|043|00169||10,00000|000001|10,00|0,00|0|060|2102|2102|10,00|12,00|1,20|0,00|0,00|0,00|0|01||10,00|0,00|0,00|99||||||99||||||||
|C170|044|00198||2000,00000|000001|2000,00|0,00|0|060|2102|2102|2000,00|12,00|240,00|0,00|0,00|0,00|0|01||2000,00|0,00|0,00|99||||||99||||||||
|C170|045|00238||10000,00000|000001|100,00|0,00|0|060|2102|2102|100,00|12,00|12,00|0,00|0,00|0,00|0|01||100,00|0,00|0,00|99||||||99||||||||
|C170|046|00239||100,00000|000001|100,00|0,00|0|060|2102|2102|100,00|12,00|12,00|0,00|0,00|0,00|0|01||100,00|0,00|0,00|99||||||99||||||||
|C170|047|00240||300,00000|000001|300,00|0,00|0|060|2102|2102|300,00|12,00|36,00|0,00|0,00|0,00|0|01||300,00|0,00|0,00|99||||||99||||||||
|C170|048|00244||20,00000|000001|20,00|0,00|0|060|2102|2102|20,00|12,00|2,40|0,00|0,00|0,00|0|01||20,00|0,00|0,00|99||||||99||||||||
|C170|049|00246||5,00000|000001|5,00|0,00|0|060|2102|2102|5,00|12,00|0,60|0,00|0,00|0,00|0|01||5,00|0,00|0,00|99||||||99||||||||
|C170|050|00250||20,00000|000001|20,00|0,00|0|060|2102|2102|20,00|12,00|2,40|0,00|0,00|0,00|0|01||20,00|0,00|0,00|99||||||99||||||||
|C170|051|00824||200,00000|000001|200,00|0,00|0|060|2102|2102|200,00|12,00|24,00|0,00|0,00|0,00|0|00||200,00|0,00|0,00|99||||||99||||||||
|C170|052|00827||500,00000|000001|500,00|0,00|0|060|2102|2102|500,00|12,00|60,00|0,00|0,00|0,00|0|01||500,00|0,00|0,00|99||||||99||||||||
|C170|053|00828||200,00000|000001|200,00|0,00|0|060|2102|2102|200,00|12,00|24,00|0,00|0,00|0,00|0|01||200,00|0,00|0,00|99||||||99||||||||
|C170|054|00830||100,00000|000001|100,00|0,00|0|060|2102|2102|100,00|12,00|12,00|0,00|0,00|0,00|0|01||100,00|0,00|0,00|99||||||99||||||||
|C170|055|00988||10,00000|000001|10,00|0,00|0|060|2102|2102|10,00|12,00|1,20|0,00|0,00|0,00|0|00||10,00|0,00|0,00|99||||||99||||||||
|C170|056|00989||100,00000|000001|100,00|0,00|0|060|2102|2102|100,00|12,00|12,00|0,00|0,00|0,00|0|00||100,00|0,00|0,00|99||||||99||||||||
|C170|057|00990||70,00000|000001|70,00|0,00|0|060|2102|2102|70,00|12,00|8,40|0,00|0,00|0,00|0|01||70,00|0,00|0,00|99||||||99||||||||
|C190|060|2102|12,00|18224,50|18224,50|2186,94|0,00|0,00|0,00|0,00||
|C990|303|
|D001|0|
|D100|0|1|1|57|00|1||005686691|41201244914992003820570020056866911056866914|04122020|09122020|0||122,05|0,00|0|0,00|0,00|0,00|0,00||||4128708|
|D190|000|1353|0,00|122,05|0,00|0,00|0,00||
|D100|0|1|1|57|00|1||005686774|41201244914992003820570020056867741056867745|04122020|09122020|0||47,13|0,00|0|0,00|0,00|0,00|0,00||||4128708|
|D190|000|1353|0,00|47,13|0,00|0,00|0,00||
|D100|0|1|1|57|00|1||005686825|41201244914992003820570020056868251056868254|04122020|09122020|0||106,69|0,00|0|0,00|0,00|0,00|0,00||||4128708|
|D190|000|1353|0,00|106,69|0,00|0,00|0,00||
|D100|0|1|1|57|00|1||005705484|41201244914992003820570020057054841057054844|08122020|09122020|0||148,65|0,00|0|0,00|0,00|0,00|0,00||||4128708|
|D190|000|1353|0,00|148,65|0,00|0,00|0,00||
|D100|0|1|1|57|00|1||005769982|41201244914992003820570020057699821057699821|17122020|18122020|0||166,80|0,00|0|0,00|0,00|0,00|0,00||||4128708|
|D190|000|1353|0,00|166,80|0,00|0,00|0,00||
|D990|12|
|E001|0|
|E100|01122020|31122020|
|E110|8232,58|0,00|0,00|0,00|3683,65|0,00|0,00|0,00|0,00|4548,92|0,00|4548,92|0,00|0,00|
|E116|000|4548,92|15012021|1015|||||122020|
|E500|0|01122020|31122020|
|E510|6116|01|159168,39|159168,39|0,00|
|E510|1556|01|36496,96|36496,96|0,00|
|E510|2556|01|6849,46|6849,46|0,00|
|E510|6911|01|300,00|300,00|0,00|
|E510|6108|01|856,00|856,00|0,00|
|E510|5922|01|32000,00|32000,00|0,00|
|E510|6910|01|10,00|10,00|0,00|
|E510|2556|00|348,80|348,80|34,88|
|E510|5116|01|10040,00|10040,00|0,00|
|E510|1101|01|491,24|491,24|0,00|
|E510|6949|01|600,00|600,00|0,00|
|E510|6914|01|6000,00|6000,00|0,00|
|E510|6922|01|132328,04|132328,04|0,00|
|E510|6101|51|105884,04|105884,04|0,00|
|E510|2102|00|2224,50|2224,50|0,00|
|E510|2102|01|16000,00|16000,00|0,00|
|E520|0,00|0,00|34,88|0,00|0,00|34,88|0,00|
|E990|23|
|G001|1|
|G990|2|
|H001|0|
|H005|31122020|1037031,22|01|
|H010|00001|000013|35,000|39,060000|1367,10|0|||2534|0,00|
|H010|00002|000001|474,000|41,330000|19590,42|0|||2534|0,00|
|H010|00008|000001|16,000|43,170000|690,72|0|||2534|0,00|
|H010|00012|000012|357,000|73,530000|26250,21|0|||2534|0,00|
|H010|00013|000001|5,000|141,430000|707,15|0|||2534|0,00|
|H010|00015|000001|42,000|24,380000|1023,96|0|||2534|0,00|
|H010|00016|000001|42,000|24,380000|1023,96|0|||2534|0,00|
|H010|00019|000001|215,100|47,320000|10178,53|0|||2534|0,00|
|H010|00021|000013|144,000|38,720000|5575,68|0|||2534|0,00|
|H010|00023|000001|1800,000|1,930000|3474,00|0|||2534|0,00|
|H010|00026|000001|20,000|1,570000|31,40|0|||2534|0,00|
|H010|00029|000012|780,500|65,610000|51208,60|0|||2534|0,00|
|H010|00030|000012|940,800|79,860000|75132,29|0|||2534|0,00|
|H010|00031|000012|160,680|50,680000|8143,26|0|||2534|0,00|
|H010|00034|000001|24,000|121,910000|2925,84|0|||2534|0,00|
|H010|00035|000001|107,620|29,760000|3202,77|0|||2534|0,00|
|H010|00036|000001|2,000|286,770000|573,54|0|||2534|0,00|
|H010|00037|000001|5,000|286,770000|1433,85|0|||2534|0,00|
|H010|00038|000001|5,000|50,310000|251,55|0|||2534|0,00|
|H010|00042|000001|6,000|52,070000|312,42|0|||2534|0,00|
|H010|00043|000014|53,500|7,320000|391,62|0|||2534|0,00|
|H010|00045|000001|3,000|438,480000|1315,44|0|||2534|0,00|
|H010|00046|000001|4,000|65,040000|260,16|0|||2534|0,00|
|H010|00047|000001|6,000|313,030000|1878,18|0|||2534|0,00|
|H010|00048|000001|5,000|189,150000|945,75|0|||2534|0,00|
|H010|00049|000001|8,000|270,410000|2163,28|0|||2534|0,00|
|H010|00050|000001|7000,000|1,670000|11690,00|0|||2534|0,00|
|H010|00053|000005|1239,400|5,870000|7275,28|0|||2534|0,00|
|H010|00060|000012|772,500|76,230000|58887,68|0|||2534|0,00|
|H010|00061|000001|24,000|0,440000|10,56|0|||2534|0,00|
|H010|00065|000001|185,000|130,720000|24183,20|0|||2534|0,00|
|H010|00066|000001|275,100|1,270000|349,38|0|||2534|0,00|
|H010|00067|000001|887,000|2,510000|2226,37|0|||2534|0,00|
|H010|00068|000001|1312,600|5,690000|7468,69|0|||2534|0,00|
|H010|00072|000001|6,000|290,430000|1742,58|0|||2534|0,00|
|H010|00073|000001|16,000|52,420000|838,72|0|||2534|0,00|
|H010|00074|000001|266,320|18,940000|5044,10|0|||2534|0,00|
|H010|00075|000001|266,320|18,940000|5044,10|0|||2534|0,00|
|H010|00077|000001|76,000|0,000000|0,00|0|||2534|0,00|
|H010|00079|000001|2,000|207,270000|414,54|0|||2534|0,00|
|H010|00080|000001|13,000|251,460000|3268,98|0|||2534|0,00|
|H010|00081|000001|13,000|251,460000|3268,98|0|||2534|0,00|
|H010|00082|000001|4,000|1222,590000|4890,36|0|||2534|0,00|
|H010|00083|000001|1,000|1262,010000|1262,01|0|||2534|0,00|
|H010|00084|000001|2,000|1724,660000|3449,32|0|||2534|0,00|
|H010|00085|000001|2,000|1942,950000|3885,90|0|||2534|0,00|
|H010|00086|000001|4,000|2947,090000|11788,36|0|||2534|0,00|
|H010|00087|000001|1,000|3034,400000|3034,40|0|||2534|0,00|
|H010|00088|000001|2,000|2816,110000|5632,22|0|||2534|0,00|
|H010|00089|000001|2,000|3907,560000|7815,12|0|||2534|0,00|
|H010|00092|000013|24,000|25,970000|623,28|0|||2534|0,00|
|H010|00106|000012|1094,100|52,630000|57582,48|0|||2534|0,00|
|H010|00107|000012|438,850|64,830000|28450,65|0|||2534|0,00|
|H010|00108|000001|28,000|180,810000|5062,68|0|||2534|0,00|
|H010|00109|000001|38,000|118,360000|4497,68|0|||2534|0,00|
|H010|00110|000001|420,000|11,340000|4762,80|0|||2534|0,00|
|H010|00111|000001|300,000|16,930000|5079,00|0|||2534|0,00|
|H010|00112|000001|5,000|21,270000|106,35|0|||2534|0,00|
|H010|00113|000001|60,000|37,910000|2274,60|0|||2534|0,00|
|H010|00114|000001|11,000|32,710000|359,81|0|||2534|0,00|
|H010|00115|000001|5,000|131,160000|655,80|0|||2534|0,00|
|H010|00116|000001|4655,000|1,740000|8099,70|0|||2534|0,00|
|H010|00117|000001|2700,000|1,730000|4671,00|0|||2534|0,00|
|H010|00120|000001|50,000|49,350000|2467,50|0|||2534|0,00|
|H010|00139|000012|179,600|57,610000|10346,76|0|||2534|0,00|
|H010|00140|000012|0,400|67,690000|27,08|0|||2534|0,00|
|H010|00142|000012|67,000|55,300000|3705,10|0|||2534|0,00|
|H010|00143|000012|107,000|47,260000|5056,82|0|||2534|0,00|
|H010|00144|000012|104,000|55,300000|5751,20|0|||2534|0,00|
|H010|00149|000015|51,500|13,850000|713,28|0|||2534|0,00|
|H010|00150|000001|2,000|1630,560000|3261,12|0|||2534|0,00|
|H010|00157|000001|1,000|45,920000|45,92|0|||2534|0,00|
|H010|00159|000001|33,800|6,110000|206,52|0|||2534|0,00|
|H010|00160|000001|18,000|37,790000|680,22|0|||2534|0,00|
|H010|00161|000001|20,000|97,810000|1956,20|0|||2534|0,00|
|H010|00162|000001|12,000|186,730000|2240,76|0|||2534|0,00|
|H010|00163|000001|40,000|25,770000|1030,80|0|||2534|0,00|
|H010|00165|000001|200,000|73,310000|14662,00|0|||2534|0,00|
|H010|00167|000001|30,000|41,090000|1232,70|0|||2534|0,00|
|H010|00170|000001|6,000|486,210000|2917,26|0|||2534|0,00|
|H010|00171|000001|6,000|486,210000|2917,26|0|||2534|0,00|
|H010|00172|000001|5,000|242,420000|1212,10|0|||2534|0,00|
|H010|00173|000001|5,000|242,420000|1212,10|0|||2534|0,00|
|H010|00174|000001|8,000|1235,660000|9885,28|0|||2534|0,00|
|H010|00175|000001|8,000|1235,660000|9885,28|0|||2534|0,00|
|H010|00180|000001|4,000|0,000000|0,00|0|||2534|0,00|
|H010|00181|000001|1,000|0,000000|0,00|0|||2534|0,00|
|H010|00185|000001|30,000|42,120000|1263,60|0|||2534|0,00|
|H010|00186|000001|30,000|42,120000|1263,60|0|||2534|0,00|
|H010|00191|000001|990,000|13,080000|12949,20|0|||2534|0,00|
|H010|00193|000001|67,000|93,600000|6271,20|0|||2534|0,00|
|H010|00198|000001|1881,000|2,070000|3893,67|0|||2534|0,00|
|H010|00200|000001|500,000|17,630000|8815,00|0|||2534|0,00|
|H010|00201|000001|200,000|14,790000|2958,00|0|||2534|0,00|
|H010|00203|000001|17,000|21,990000|373,83|0|||2534|0,00|
|H010|00204|000001|17,000|21,990000|373,83|0|||2534|0,00|
|H010|00205|000001|95,000|38,980000|3703,10|0|||2534|0,00|
|H010|00206|000001|90,000|38,980000|3508,20|0|||2534|0,00|
|H010|00207|000013|6,000|37,770000|226,62|0|||2534|0,00|
|H010|00226|000001|188,000|0,000000|0,00|0|||2534|0,00|
|H010|00228|000001|152,000|0,000000|0,00|0|||2534|0,00|
|H010|00230|000001|1230,530|10,510000|12932,87|0|||2534|0,00|
|H010|00231|000001|152,000|0,000000|0,00|0|||2534|0,00|
|H010|00232|000001|1030,000|13,160000|13554,80|0|||2534|0,00|
|H010|00233|000001|25,000|0,000000|0,00|0|||2534|0,00|
|H010|00234|000001|25,000|0,000000|0,00|0|||2534|0,00|
|H010|00235|000001|25,000|0,000000|0,00|0|||2534|0,00|
|H010|00236|000001|15,000|0,000000|0,00|0|||2534|0,00|
|H010|00237|000001|9910,000|4,620000|45784,20|0|||2534|0,00|
|H010|00238|000001|24995,000|0,250000|6248,75|0|||2534|0,00|
|H010|00239|000001|1009,000|0,330000|332,97|0|||2534|0,00|
|H010|00240|000001|5016,800|0,360000|1806,05|0|||2534|0,00|
|H010|00241|000001|143,400|0,000000|0,00|0|||2534|0,00|
|H010|00242|000001|97,800|0,000000|0,00|0|||2534|0,00|
|H010|00243|000001|30,000|0,000000|0,00|0|||2534|0,00|
|H010|00245|000001|126,151|0,250000|31,54|0|||2534|0,00|
|H010|00247|000001|649,115|8,200000|5322,74|0|||2534|0,00|
|H010|00248|000001|503,195|8,200000|4126,20|0|||2534|0,00|
|H010|00249|000001|503,200|7,730000|3889,74|0|||2534|0,00|
|H010|00250|000001|70,400|4,320000|304,13|0|||2534|0,00|
|H010|00251|000001|1,000|0,000000|0,00|0|||2534|0,00|
|H010|00252|000001|51,000|0,000000|0,00|0|||2534|0,00|
|H010|00258|000015|4,700|93,950000|441,56|0|||2534|0,00|
|H010|00272|000009|1,000|220,000000|220,00|0|||2534|0,00|
|H010|00297|000001|1,000|1153,850000|1153,85|0|||2534|0,00|
|H010|00304|000004|134,000|52,350000|7014,90|0|||2534|0,00|
|H010|00306|000004|6,000|716,270000|4297,62|0|||2534|0,00|
|H010|00308|000001|4629,000|1,790000|8285,91|0|||2534|0,00|
|H010|00330|000001|42,000|94,460000|3967,32|0|||2534|0,00|
|H010|00331|000001|46,000|19,030000|875,38|0|||2534|0,00|
|H010|00336|000016|346,000|1,850000|640,10|0|||2534|0,00|
|H010|00359|000017|1200,000|0,300000|360,00|0|||2534|0,00|
|H010|00412|000001|64,000|0,000000|0,00|0|||2534|0,00|
|H010|00429|000001|1,000|973,600000|973,60|0|||2534|0,00|
|H010|00472|000007|100,000|4,920000|492,00|0|||2534|0,00|
|H010|00481|000001|555,000|5,450000|3024,75|0|||2534|0,00|
|H010|00496|000004|9,000|41,370000|372,33|0|||2534|0,00|
|H010|00500|000001|32,000|70,870000|2267,84|0|||2534|0,00|
|H010|00519|000007|2,000|344,640000|689,28|0|||2534|0,00|
|H010|00559|000001|5,000|606,720000|3033,60|0|||2534|0,00|
|H010|00560|000001|5,000|235,100000|1175,50|0|||2534|0,00|
|H010|00582|000007|855,000|5,340000|4565,70|0|||2534|0,00|
|H010|00647|000015|10,000|27,440000|274,40|0|||2534|0,00|
|H010|00696|000001|1,000|432,000000|432,00|0|||2534|0,00|
|H010|00699|000007|6,000|358,590000|2151,54|0|||2534|0,00|
|H010|00715|000001|1,000|450,000000|450,00|0|||2534|0,00|
|H010|00716|000001|4168,060|0,000000|0,00|0|||2534|0,00|
|H010|00717|000001|32,250|0,380000|12,26|0|||2534|0,00|
|H010|00718|000001|1206,235|0,000000|0,00|0|||2534|0,00|
|H010|00719|000001|1206,235|0,000000|0,00|0|||2534|0,00|
|H010|00728|000005|530,184|13,400000|7104,47|0|||2534|0,00|
|H010|00758|000001|50,000|100,030000|5001,50|0|||2534|0,00|
|H010|00797|000015|12,000|32,930000|395,16|0|||2534|0,00|
|H010|00822|000016|426,400|5,180000|2208,75|0|||2534|0,00|
|H010|00823|000016|587,366|8,570000|5033,73|0|||2534|0,00|
|H010|00824|000001|268,000|0,580000|155,44|0|||2534|0,00|
|H010|00825|000001|52,000|0,000000|0,00|0|||2534|0,00|
|H010|00826|000001|12,000|0,440000|5,28|0|||2534|0,00|
|H010|00827|000001|1238,400|0,470000|582,05|0|||2534|0,00|
|H010|00828|000001|627,540|0,490000|307,49|0|||2534|0,00|
|H010|00829|000001|118,656|0,000000|0,00|0|||2534|0,00|
|H010|00830|000001|194,800|0,580000|112,98|0|||2534|0,00|
|H010|00831|000001|124,100|0,430000|53,36|0|||2534|0,00|
|H010|00832|000001|717,150|0,000000|0,00|0|||2534|0,00|
|H010|00833|000001|717,150|0,000000|0,00|0|||2534|0,00|
|H010|00834|000001|15,000|735,840000|11037,60|0|||2534|0,00|
|H010|00835|000001|15,000|735,840000|11037,60|0|||2534|0,00|
|H010|00842|000001|3,000|890,000000|2670,00|0|||2534|0,00|
|H010|00843|000001|3,000|28,000000|84,00|0|||2534|0,00|
|H010|00846|000001|6,000|38,000000|228,00|0|||2534|0,00|
|H010|00892|000001|2,000|129,900000|259,80|0|||2534|0,00|
|H010|00912|000001|8,000|3,020000|24,16|0|||2534|0,00|
|H010|00913|000008|178,000|0,300000|53,40|0|||2534|0,00|
|H010|00914|000008|4,000|6,200000|24,80|0|||2534|0,00|
|H010|00915|000008|2,000|7,250000|14,50|0|||2534|0,00|
|H010|00916|000003|1,000|25,000000|25,00|0|||2534|0,00|
|H010|00917|000001|1,000|87,000000|87,00|0|||2534|0,00|
|H010|00918|000001|1,000|74,000000|74,00|0|||2534|0,00|
|H010|00919|000003|12,000|19,170000|230,04|0|||2534|0,00|
|H010|00920|000001|1,000|20,000000|20,00|0|||2534|0,00|
|H010|00921|000001|1,000|55,000000|55,00|0|||2534|0,00|
|H010|00922|000001|1,000|80,000000|80,00|0|||2534|0,00|
|H010|00923|000001|1,000|290,000000|290,00|0|||2534|0,00|
|H010|00924|000015|0,200|91,750000|18,35|0|||2534|0,00|
|H010|00925|000001|1,000|7,690000|7,69|0|||2534|0,00|
|H010|00926|000001|15,000|3,260000|48,90|0|||2534|0,00|
|H010|00927|000001|1,000|3,980000|3,98|0|||2534|0,00|
|H010|00928|000001|4,000|4,360000|17,44|0|||2534|0,00|
|H010|00929|000001|8,000|0,850000|6,80|0|||2534|0,00|
|H010|00930|000001|4,000|0,860000|3,44|0|||2534|0,00|
|H010|00932|000001|1,000|0,750000|0,75|0|||2534|0,00|
|H010|00933|000001|1,000|2,990000|2,99|0|||2534|0,00|
|H010|00934|000001|1,000|3,490000|3,49|0|||2534|0,00|
|H010|00935|000001|1,000|3,500000|3,50|0|||2534|0,00|
|H010|00936|000001|21,000|0,200000|4,20|0|||2534|0,00|
|H010|00937|000001|2,000|7,740000|15,48|0|||2534|0,00|
|H010|00938|000001|1,000|19,900000|19,90|0|||2534|0,00|
|H010|00939|000001|1,000|49,900000|49,90|0|||2534|0,00|
|H010|00940|000001|1,000|9,900000|9,90|0|||2534|0,00|
|H010|00941|000001|1,000|29,900000|29,90|0|||2534|0,00|
|H010|00942|000018|2,000|2,490000|4,98|0|||2534|0,00|
|H010|00943|000001|1,000|19,900000|19,90|0|||2534|0,00|
|H010|00944|000018|1,000|8,000000|8,00|0|||2534|0,00|
|H010|00945|000018|1,000|10,900000|10,90|0|||2534|0,00|
|H010|00946|000001|3,000|23,900000|71,70|0|||2534|0,00|
|H010|00954|000007|1,000|6,240000|6,24|0|||2534|0,00|
|H010|00955|000007|24,000|1,550000|37,20|0|||2534|0,00|
|H010|00956|000016|30,000|1,610000|48,30|0|||2534|0,00|
|H010|00957|000007|1,000|27,310000|27,31|0|||2534|0,00|
|H010|00958|000002|1,000|6,240000|6,24|0|||2534|0,00|
|H010|00959|000016|8,000|8,290000|66,32|0|||2534|0,00|
|H010|00960|000007|1,000|401,650000|401,65|0|||2534|0,00|
|H010|00961|000007|3,000|9,500000|28,50|0|||2534|0,00|
|H010|00962|000007|1,000|5,670000|5,67|0|||2534|0,00|
|H010|00963|000001|1,000|2566,000000|2566,00|0|||2534|0,00|
|H010|00964|000001|2,000|49,900000|99,80|0|||2534|0,00|
|H010|00965|000001|4,000|3,640000|14,56|0|||2534|0,00|
|H010|00966|000001|3,000|2,500000|7,50|0|||2534|0,00|
|H010|00967|000001|6,000|13,270000|79,62|0|||2534|0,00|
|H010|00968|000001|1,000|7,490000|7,49|0|||2534|0,00|
|H010|00969|000018|1,000|12,900000|12,90|0|||2534|0,00|
|H010|00970|000001|1,000|6,000000|6,00|0|||2534|0,00|
|H010|00971|000001|2,000|13,000000|26,00|0|||2534|0,00|
|H010|00972|000005|3,000|4,120000|12,36|0|||2534|0,00|
|H010|00973|000011|2,000|69,500000|139,00|0|||2534|0,00|
|H010|00974|000001|16,000|7,240000|115,84|0|||2534|0,00|
|H010|00978|000004|1,000|565,000000|565,00|0|||2534|0,00|
|H010|00979|000001|1,000|200,000000|200,00|0|||2534|0,00|
|H010|00980|000001|2,000|220,000000|440,00|0|||2534|0,00|
|H010|00981|000001|4,000|5,000000|20,00|0|||2534|0,00|
|H010|00990|000001|90,150|0,650000|58,60|0|||2534|0,00|
|H010|00992|000001|149,100|0,440000|65,60|0|||2534|0,00|
|H010|00993|000001|499,000|0,440000|219,56|0|||2534|0,00|
|H010|00994|000001|39,900|0,490000|19,55|0|||2534|0,00|
|H010|00998|000001|20,000|0,810000|16,20|0|||2534|0,00|
|H010|00999|000001|2,000|1,990000|3,98|0|||2534|0,00|
|H010|01000|000001|2,000|3,980000|7,96|0|||2534|0,00|
|H010|01001|000001|5,000|4,430000|22,15|0|||2534|0,00|
|H010|01002|000001|2,000|2,750000|5,50|0|||2534|0,00|
|H010|01003|000001|1,000|1,150000|1,15|0|||2534|0,00|
|H010|01004|000001|1,000|7,990000|7,99|0|||2534|0,00|
|H010|01005|000001|1,000|15,990000|15,99|0|||2534|0,00|
|H010|01006|000001|6,000|4,140000|24,84|0|||2534|0,00|
|H010|01007|000001|1,000|3,980000|3,98|0|||2534|0,00|
|H010|01008|000001|1,000|4,690000|4,69|0|||2534|0,00|
|H010|01009|000001|1,000|7,990000|7,99|0|||2534|0,00|
|H010|01010|000005|3,595|13,980000|50,26|0|||2534|0,00|
|H010|01011|000001|2,000|7,220000|14,44|0|||2534|0,00|
|H010|01012|000001|3,000|4,120000|12,36|0|||2534|0,00|
|H010|01013|000001|1,000|7,990000|7,99|0|||2534|0,00|
|H010|01014|000001|102,088|3,010000|307,28|0|||2534|0,00|
|H010|01015|000001|1,000|7,990000|7,99|0|||2534|0,00|
|H010|01016|000001|1,000|2,990000|2,99|0|||2534|0,00|
|H010|01017|000008|20,000|3,500000|70,00|0|||2534|0,00|
|H010|01018|000008|3412,000|0,140000|477,68|0|||2534|0,00|
|H010|01027|000009|4,000|144,480000|577,92|0|||2534|0,00|
|H010|01028|000001|11,000|392,990000|4322,89|0|||2534|0,00|
|H010|01030|000001|1,000|4526,390000|4526,39|0|||2534|0,00|
|H010|01032|000001|105,000|1,150000|120,75|0|||2534|0,00|
|H010|01033|000001|87,000|1,260000|109,62|0|||2534|0,00|
|H010|01034|000001|2,000|30,000000|60,00|0|||2534|0,00|
|H010|01035|000001|1,000|6,950000|6,95|0|||2534|0,00|
|H010|01036|000001|11,000|2,380000|26,18|0|||2534|0,00|
|H010|01037|000001|2,000|6,290000|12,58|0|||2534|0,00|
|H010|01038|000001|1,000|3,920000|3,92|0|||2534|0,00|
|H010|01039|000005|0,382|6,490000|2,48|0|||2534|0,00|
|H010|01040|000001|1,000|4,390000|4,39|0|||2534|0,00|
|H010|01041|000001|20,000|1,990000|39,80|0|||2534|0,00|
|H010|01042|000001|1,000|1,990000|1,99|0|||2534|0,00|
|H010|01043|000001|1,000|2,700000|2,70|0|||2534|0,00|
|H010|01044|000001|1,000|5,750000|5,75|0|||2534|0,00|
|H010|01045|000001|1,000|4,740000|4,74|0|||2534|0,00|
|H010|01046|000001|1,000|6,990000|6,99|0|||2534|0,00|
|H010|01048|000001|2,000|3,990000|7,98|0|||2534|0,00|
|H010|01049|000001|4,000|2,990000|11,96|0|||2534|0,00|
|H010|01050|000001|5,000|9,790000|48,95|0|||2534|0,00|
|H010|01051|000001|2,000|2,790000|5,58|0|||2534|0,00|
|H010|01052|000001|7,000|3,630000|25,41|0|||2534|0,00|
|H010|01053|000001|4,000|4,490000|17,96|0|||2534|0,00|
|H010|01054|000001|13,000|1,760000|22,88|0|||2534|0,00|
|H010|01057|000001|63,550|0,460000|29,23|0|||2534|0,00|
|H010|01058|000001|17,200|0,710000|12,21|0|||2534|0,00|
|H010|01065|000005|100,000|0,440000|44,00|0|||2534|0,00|
|H010|01086|000005|20,000|0,440000|8,80|0|||2534|0,00|
|H010|01107|000001|1,000|455,000000|455,00|0|||2534|0,00|
|H010|01108|000001|1,000|45,000000|45,00|0|||2534|0,00|
|H010|01109|000001|2,000|965,000000|1930,00|0|||2534|0,00|
|H010|01110|000001|2,000|335,000000|670,00|0|||2534|0,00|
|H010|01111|000008|1,000|32,950000|32,95|0|||2534|0,00|
|H010|01112|000008|1,000|29,980000|29,98|0|||2534|0,00|
|H010|01113|000008|1,000|14,200000|14,20|0|||2534|0,00|
|H010|01114|000008|2,000|7,540000|15,08|0|||2534|0,00|
|H010|01115|000008|5,000|3,640000|18,20|0|||2534|0,00|
|H010|01116|000008|20,000|0,330000|6,60|0|||2534|0,00|
|H010|01117|000008|20,000|0,620000|12,40|0|||2534|0,00|
|H010|01118|000001|1,000|180,000000|180,00|0|||2534|0,00|
|H010|01119|000001|1,000|70,000000|70,00|0|||2534|0,00|
|H010|01121|000016|32,000|2,290000|73,28|0|||2534|0,00|
|H010|01122|000002|135,000|6,300000|850,50|0|||2534|0,00|
|H010|01123|000001|2,000|16,180000|32,36|0|||2534|0,00|
|H010|01124|000001|1,000|48,990000|48,99|0|||2534|0,00|
|H010|01125|000001|1,000|75,080000|75,08|0|||2534|0,00|
|H010|01126|000001|3,000|1,890000|5,67|0|||2534|0,00|
|H010|01127|000001|3,000|21,820000|65,46|0|||2534|0,00|
|H010|01128|000001|1,000|7,270000|7,27|0|||2534|0,00|
|H010|01129|000001|1,000|6,490000|6,49|0|||2534|0,00|
|H010|01130|000001|1,000|5,210000|5,21|0|||2534|0,00|
|H010|01131|000001|1,000|11,260000|11,26|0|||2534|0,00|
|H010|01132|000001|2,000|45,080000|90,16|0|||2534|0,00|
|H010|01133|000001|2,000|15,870000|31,74|0|||2534|0,00|
|H010|01134|000001|1,000|110,000000|110,00|0|||2534|0,00|
|H010|01135|000001|1,000|65,000000|65,00|0|||2534|0,00|
|H010|01136|000001|1,000|55,000000|55,00|0|||2534|0,00|
|H010|01138|000001|2,000|1,500000|3,00|0|||2534|0,00|
|H010|01139|000001|2,000|9,900000|19,80|0|||2534|0,00|
|H010|01140|000001|1,000|44,900000|44,90|0|||2534|0,00|
|H010|01141|000001|1,000|24,900000|24,90|0|||2534|0,00|
|H010|01142|000001|1,000|15,900000|15,90|0|||2534|0,00|
|H010|01143|000001|1,000|1,500000|1,50|0|||2534|0,00|
|H010|01144|000001|5,000|2,990000|14,95|0|||2534|0,00|
|H010|01145|000001|5,000|2,990000|14,95|0|||2534|0,00|
|H010|01146|000001|6,000|2,990000|17,94|0|||2534|0,00|
|H010|01147|000001|4,000|3,500000|14,00|0|||2534|0,00|
|H010|01148|000001|50,000|0,100000|5,00|0|||2534|0,00|
|H010|01149|000001|4,000|18,900000|75,60|0|||2534|0,00|
|H010|01150|000001|10,000|1,750000|17,50|0|||2534|0,00|
|H010|01151|000001|1,000|37,900000|37,90|0|||2534|0,00|
|H010|01152|000001|1,000|19,900000|19,90|0|||2534|0,00|
|H010|01153|000001|1,000|39,900000|39,90|0|||2534|0,00|
|H010|01154|000018|1,000|17,900000|17,90|0|||2534|0,00|
|H010|01155|000018|1,000|11,900000|11,90|0|||2534|0,00|
|H010|01156|000001|2,000|5,500000|11,00|0|||2534|0,00|
|H010|01157|000001|1,000|2,250000|2,25|0|||2534|0,00|
|H010|01159|000008|2,000|17,020000|34,04|0|||2534|0,00|
|H010|01160|000008|1,000|24,560000|24,56|0|||2534|0,00|
|H010|01161|000008|3,000|12,450000|37,35|0|||2534|0,00|
|H010|01162|000008|3,000|14,500000|43,50|0|||2534|0,00|
|H010|01163|000008|1,000|10,100000|10,10|0|||2534|0,00|
|H010|01164|000008|1,000|11,680000|11,68|0|||2534|0,00|
|H010|01165|000008|4,000|13,230000|52,92|0|||2534|0,00|
|H010|01166|000008|4,000|7,440000|29,76|0|||2534|0,00|
|H010|01167|000008|1,000|36,780000|36,78|0|||2534|0,00|
|H010|01168|000008|1,000|85,990000|85,99|0|||2534|0,00|
|H010|01169|000008|1,000|61,490000|61,49|0|||2534|0,00|
|H010|01170|000007|1,000|155,000000|155,00|0|||2534|0,00|
|H010|01171|000001|2,000|29,900000|59,80|0|||2534|0,00|
|H010|01172|000001|1,000|7300,000000|7300,00|0|||2534|0,00|
|H010|01176|000001|1,000|3,990000|3,99|0|||2534|0,00|
|H010|01177|000001|24,000|1,100000|26,40|0|||2534|0,00|
|H010|01178|000001|7,000|7,080000|49,56|0|||2534|0,00|
|H010|01179|000001|3,000|4,140000|12,42|0|||2534|0,00|
|H010|01180|000001|8,000|3,580000|28,64|0|||2534|0,00|
|H010|01181|000001|5,000|3,140000|15,70|0|||2534|0,00|
|H010|01182|000001|1,000|7,990000|7,99|0|||2534|0,00|
|H010|01183|000005|2,356|17,980000|42,36|0|||2534|0,00|
|H010|01184|000001|1,000|6,990000|6,99|0|||2534|0,00|
|H010|01185|000009|65,000|168,710000|10966,15|0|||2534|0,00|
|H010|01186|000011|1,000|70,000000|70,00|0|||2534|0,00|
|H010|01187|000019|765,063|3,470000|2654,77|0|||2534|0,00|
|H010|01188|000001|1,000|4,380000|4,38|0|||2534|0,00|
|H010|01189|000001|1,000|104,800000|104,80|0|||2534|0,00|
|H010|01190|000001|1,000|8,900000|8,90|0|||2534|0,00|
|H010|01191|000007|3,000|636,330000|1908,99|0|||2534|0,00|
|H010|01193|000009|9,000|112,210000|1009,89|0|||2534|0,00|
|H010|01194|000001|3,000|15,000000|45,00|0|||2534|0,00|
|H010|01201|000005|71,000|4,750000|337,25|0|||2534|0,00|
|H010|01202|000001|46,000|67,360000|3098,56|0|||2534|0,00|
|H010|01203|000001|30,000|3,750000|112,50|0|||2534|0,00|
|H010|01204|000018|3,000|29,000000|87,00|0|||2534|0,00|
|H010|01205|000001|77,000|5,440000|418,88|0|||2534|0,00|
|H010|01206|000008|1,000|39,650000|39,65|0|||2534|0,00|
|H010|01207|000008|1,000|3,920000|3,92|0|||2534|0,00|
|H010|01208|000008|2003,000|0,160000|320,48|0|||2534|0,00|
|H010|01209|000020|1,000|60,000000|60,00|0|||2534|0,00|
|H010|01210|000020|1,000|60,000000|60,00|0|||2534|0,00|
|H010|01212|000001|14,000|93,710000|1311,94|0|||2534|0,00|
|H010|01216|000001|2,000|1,990000|3,98|0|||2534|0,00|
|H010|01217|000001|2,000|6,990000|13,98|0|||2534|0,00|
|H010|01218|000001|1,000|5,990000|5,99|0|||2534|0,00|
|H010|01219|000001|2,000|10,990000|21,98|0|||2534|0,00|
|H010|01220|000001|1,000|1,250000|1,25|0|||2534|0,00|
|H010|01221|000001|1,000|5,990000|5,99|0|||2534|0,00|
|H010|01222|000001|1,000|5,990000|5,99|0|||2534|0,00|
|H010|01223|000001|3,000|3,490000|10,47|0|||2534|0,00|
|H010|01224|000001|4,000|11,740000|46,96|0|||2534|0,00|
|H010|01225|000001|2,000|2,890000|5,78|0|||2534|0,00|
|H010|01226|000001|4,000|13,120000|52,48|0|||2534|0,00|
|H010|01227|000001|2,000|11,990000|23,98|0|||2534|0,00|
|H010|01228|000001|3,000|10,380000|31,14|0|||2534|0,00|
|H010|01229|000001|1,000|35,990000|35,99|0|||2534|0,00|
|H010|01230|000001|5,000|6,790000|33,95|0|||2534|0,00|
|H010|01231|000001|1,000|3,290000|3,29|0|||2534|0,00|
|H010|01232|000001|1,000|10,990000|10,99|0|||2534|0,00|
|H010|01233|000001|3,000|3,400000|10,20|0|||2534|0,00|
|H010|01234|000001|3,000|1,250000|3,75|0|||2534|0,00|
|H010|01235|000001|1,000|5,990000|5,99|0|||2534|0,00|
|H010|01236|000001|2,000|2,990000|5,98|0|||2534|0,00|
|H010|01237|000001|1,000|0,990000|0,99|0|||2534|0,00|
|H010|01238|000001|1,000|4,850000|4,85|0|||2534|0,00|
|H010|01239|000001|1,000|8,990000|8,99|0|||2534|0,00|
|H010|01240|000001|3,000|4,890000|14,67|0|||2534|0,00|
|H010|01241|000007|1,000|39,360000|39,36|0|||2534|0,00|
|H010|01245|000006|461,000|10,890000|5020,29|0|||2534|0,00|
|H010|01246|000001|1,000|29,900000|29,90|0|||2534|0,00|
|H010|01247|000001|1,000|29,900000|29,90|0|||2534|0,00|
|H010|01248|000001|1,000|8,400000|8,40|0|||2534|0,00|
|H010|01249|000001|3,000|4,000000|12,00|0|||2534|0,00|
|H010|01250|000001|1,000|35,000000|35,00|0|||2534|0,00|
|H010|01251|000001|3,000|13,330000|39,99|0|||2534|0,00|
|H010|01252|000001|1,000|6,000000|6,00|0|||2534|0,00|
|H010|01253|000001|1,000|5,000000|5,00|0|||2534|0,00|
|H010|01255|000004|1,000|20,750000|20,75|0|||2534|0,00|
|H010|01256|000001|1,000|600,000000|600,00|0|||2534|0,00|
|H010|01257|000001|3,000|75,000000|225,00|0|||2534|0,00|
|H010|01258|000008|401,000|0,250000|100,25|0|||2534|0,00|
|H010|01259|000008|1000,000|0,040000|40,00|0|||2534|0,00|
|H010|01260|000008|400,000|0,260000|104,00|0|||2534|0,00|
|H010|01261|000008|3,000|4,150000|12,45|0|||2534|0,00|
|H010|01262|000016|80,000|1,730000|138,40|0|||2534|0,00|
|H010|01263|000001|80,000|0,700000|56,00|0|||2534|0,00|
|H010|01264|000010|3,000|69,900000|209,70|0|||2534|0,00|
|H010|01265|000001|1,000|12,900000|12,90|0|||2534|0,00|
|H010|01266|000001|2,000|29,900000|59,80|0|||2534|0,00|
|H010|01267|000001|5,000|1,250000|6,25|0|||2534|0,00|
|H010|01268|000001|5,000|1,250000|6,25|0|||2534|0,00|
|H010|01269|000001|5,000|1,250000|6,25|0|||2534|0,00|
|H010|01270|000001|1,000|49,900000|49,90|0|||2534|0,00|
|H010|01271|000001|27,000|3,280000|88,56|0|||2534|0,00|
|H010|01272|000001|14,000|3,290000|46,06|0|||2534|0,00|
|H010|01274|000001|11,000|789,000000|8679,00|0|||2534|0,00|
|H010|01275|000001|3,000|237,270000|711,81|0|||2534|0,00|
|H010|01276|000021|3,000|59,910000|179,73|0|||2534|0,00|
|H010|01277|000021|3,000|892,650000|2677,95|0|||2534|0,00|
|H010|01278|000001|1,000|34,620000|34,62|0|||2534|0,00|
|H010|01279|000015|2,000|17,380000|34,76|0|||2534|0,00|
|H010|01280|000001|7,000|4,590000|32,13|0|||2534|0,00|
|H010|01283|000008|500,000|0,390000|195,00|0|||2534|0,00|
|H010|01284|000001|1,000|9,990000|9,99|0|||2534|0,00|
|H010|01285|000016|20,000|4,790000|95,80|0|||2534|0,00|
|H010|01286|000005|1,000|27,770000|27,77|0|||2534|0,00|
|H010|01287|000001|3,000|4,200000|12,60|0|||2534|0,00|
|H010|01293|000001|4,000|231,000000|924,00|0|||2534|0,00|
|H010|01294|000001|3,000|11,990000|35,97|0|||2534|0,00|
|H010|01295|000001|1,000|9,950000|9,95|0|||2534|0,00|
|H010|01296|000001|1,000|5,990000|5,99|0|||2534|0,00|
|H010|01297|000001|1,000|3,750000|3,75|0|||2534|0,00|
|H010|01298|000001|1,000|7,990000|7,99|0|||2534|0,00|
|H010|01299|000001|12,000|0,860000|10,32|0|||2534|0,00|
|H010|01300|000001|1,000|12,900000|12,90|0|||2534|0,00|
|H010|01301|000001|4,000|9,410000|37,64|0|||2534|0,00|
|H010|01302|000001|1,000|8,990000|8,99|0|||2534|0,00|
|H010|01303|000001|1,000|6,790000|6,79|0|||2534|0,00|
|H010|01304|000005|0,302|19,980000|6,03|0|||2534|0,00|
|H010|01305|000001|0,285|21,980000|6,26|0|||2534|0,00|
|H010|01306|000001|4,000|6,990000|27,96|0|||2534|0,00|
|H010|01307|000001|2,000|93,400000|186,80|0|||2534|0,00|
|H010|01308|000001|24,000|1,690000|40,56|0|||2534|0,00|
|H010|01309|000001|2,000|3,390000|6,78|0|||2534|0,00|
|H010|01310|000001|2,000|3,390000|6,78|0|||2534|0,00|
|H010|01311|000001|1,000|6,500000|6,50|0|||2534|0,00|
|H010|01312|000001|1,000|25,900000|25,90|0|||2534|0,00|
|H010|01313|000001|2,000|2,900000|5,80|0|||2534|0,00|
|H010|01314|000001|2,000|3,510000|7,02|0|||2534|0,00|
|H010|01315|000001|2,000|3,500000|7,00|0|||2534|0,00|
|H010|01316|000001|14,000|1,580000|22,12|0|||2534|0,00|
|H010|01317|000001|14,000|1,580000|22,12|0|||2534|0,00|
|H010|01318|000001|1,000|3,770000|3,77|0|||2534|0,00|
|H010|01320|000016|97,000|3,190000|309,43|0|||2534|0,00|
|H010|01321|000007|1,000|190,000000|190,00|0|||2534|0,00|
|H010|01322|000005|1,000|1736,100000|1736,10|0|||2534|0,00|
|H010|01323|000008|25,000|2,500000|62,50|0|||2534|0,00|
|H010|01324|000001|1,000|390,000000|390,00|0|||2534|0,00|
|H010|01327|000008|50,000|0,630000|31,50|0|||2534|0,00|
|H010|01328|000008|1,000|6,940000|6,94|0|||2534|0,00|
|H010|01329|000016|30,000|4,260000|127,80|0|||2534|0,00|
|H010|01330|000008|6,000|1,480000|8,88|0|||2534|0,00|
|H010|01331|000008|1,000|18,260000|18,26|0|||2534|0,00|
|H010|01332|000001|1,000|3,200000|3,20|0|||2534|0,00|
|H010|01333|000001|2,000|39,900000|79,80|0|||2534|0,00|
|H010|01336|000016|78,000|0,150000|11,70|0|||2534|0,00|
|H010|01337|000016|104,000|0,200000|20,80|0|||2534|0,00|
|H010|01338|000005|10,000|6,000000|60,00|0|||2534|0,00|
|H010|01339|000007|100,000|0,160000|16,00|0|||2534|0,00|
|H010|01340|000007|15,000|1,790000|26,85|0|||2534|0,00|
|H010|01341|000007|5,000|0,520000|2,60|0|||2534|0,00|
|H010|01342|000007|6,000|14,530000|87,18|0|||2534|0,00|
|H010|01343|000016|20,000|2,450000|49,00|0|||2534|0,00|
|H010|01344|000016|20,000|2,450000|49,00|0|||2534|0,00|
|H010|01345|000016|97,000|3,300000|320,10|0|||2534|0,00|
|H010|01346|000016|20,000|2,450000|49,00|0|||2534|0,00|
|H010|01347|000007|3,000|15,910000|47,73|0|||2534|0,00|
|H010|01348|000007|6,000|5,330000|31,98|0|||2534|0,00|
|H010|01349|000007|2,000|29,860000|59,72|0|||2534|0,00|
|H010|01350|000007|11,000|7,670000|84,37|0|||2534|0,00|
|H010|01351|000007|1,000|31,450000|31,45|0|||2534|0,00|
|H010|01352|000007|3,000|73,580000|220,74|0|||2534|0,00|
|H010|01353|000007|1,000|29,860000|29,86|0|||2534|0,00|
|H010|01354|000007|6,000|44,730000|268,38|0|||2534|0,00|
|H010|01355|000007|5,000|27,790000|138,95|0|||2534|0,00|
|H010|01356|000016|25,000|1,540000|38,50|0|||2534|0,00|
|H010|01357|000007|11,000|3,370000|37,07|0|||2534|0,00|
|H010|01358|000007|7,000|4,080000|28,56|0|||2534|0,00|
|H010|01359|000001|24,000|8,840000|212,16|0|||2534|0,00|
|H010|01360|000001|50,000|2,980000|149,00|0|||2534|0,00|
|H010|01361|000001|4000,000|0,060000|240,00|0|||2534|0,00|
|H010|01362|000001|7000,000|0,090000|630,00|0|||2534|0,00|
|H010|01363|000007|14,000|587,390000|8223,46|0|||2534|0,00|
|H010|01366|000001|4,000|120,000000|480,00|0|||2534|0,00|
|H010|01367|000007|1,000|630,410000|630,41|0|||2534|0,00|
|H010|01368|000007|1,000|15,170000|15,17|0|||2534|0,00|
|H010|01369|000001|1,000|40,130000|40,13|0|||2534|0,00|
|H010|01371|000007|12,000|17,340000|208,08|0|||2534|0,00|
|H010|01372|000007|1,000|414,830000|414,83|0|||2534|0,00|
|H010|01373|000007|1,000|231,920000|231,92|0|||2534|0,00|
|H010|01374|000001|2,000|160,600000|321,20|0|||2534|0,00|
|H010|01375|000001|23,000|4,500000|103,50|0|||2534|0,00|
|H010|01376|000007|5,000|13,000000|65,00|0|||2534|0,00|
|H010|01377|000007|2,000|58,000000|116,00|0|||2534|0,00|
|H010|01378|000007|7,000|9,320000|65,24|0|||2534|0,00|
|H010|01379|000007|417,000|5,570000|2322,69|0|||2534|0,00|
|H010|01380|000006|320,000|9,360000|2995,20|0|||2534|0,00|
|H010|01384|000004|252,000|10,080000|2540,16|0|||2534|0,00|
|H010|01389|000001|1,000|700,000000|700,00|0|||2534|0,00|
|H010|01391|000001|25,000|14,390000|359,75|0|||2534|0,00|
|H010|01392|000001|50,000|14,270000|713,50|0|||2534|0,00|
|H010|01394|000007|20,000|100,000000|2000,00|0|||2534|0,00|
|H010|01396|000008|3,000|7,800000|23,40|0|||2534|0,00|
|H010|01397|000008|3,000|30,850000|92,55|0|||2534|0,00|
|H010|01398|000008|100,010|0,340000|34,00|0|||2534|0,00|
|H010|01399|000008|922,000|0,430000|396,46|0|||2534|0,00|
|H010|01400|000015|1,000|15,500000|15,50|0|||2534|0,00|
|H010|01401|000015|3,000|30,000000|90,00|0|||2534|0,00|
|H010|01402|000001|2,000|50,400000|100,80|0|||2534|0,00|
|H010|01403|000012|12,000|22,520000|270,24|0|||2534|0,00|
|H010|01404|000007|2,000|139,000000|278,00|0|||2534|0,00|
|H010|01405|000007|1,000|470,000000|470,00|0|||2534|0,00|
|H010|01406|000001|1,000|4,220000|4,22|0|||2534|0,00|
|H010|01407|000001|1,000|2,700000|2,70|0|||2534|0,00|
|H010|01408|000001|1,000|4,010000|4,01|0|||2534|0,00|
|H010|01409|000001|1,000|3,990000|3,99|0|||2534|0,00|
|H010|01410|000001|1,000|3,990000|3,99|0|||2534|0,00|
|H010|01411|000001|1,000|3,990000|3,99|0|||2534|0,00|
|H010|01412|000001|1,000|4,900000|4,90|0|||2534|0,00|
|H010|01413|000005|3,144|15,560000|48,92|0|||2534|0,00|
|H010|01414|000001|1,000|1,490000|1,49|0|||2534|0,00|
|H010|01415|000001|2,000|1,490000|2,98|0|||2534|0,00|
|H010|01416|000001|1,000|5,490000|5,49|0|||2534|0,00|
|H010|01417|000005|0,376|21,980000|8,26|0|||2534|0,00|
|H010|01420|000007|6,000|643,850000|3863,10|0|||2534|0,00|
|H010|01423|000001|12,000|19,020000|228,24|0|||2534|0,00|
|H010|01430|000001|3,000|13,630000|40,89|0|||2534|0,00|
|H010|01431|000015|0,020|297,660000|5,95|0|||2534|0,00|
|H010|01432|000001|35,000|35,120000|1229,20|0|||2534|0,00|
|H010|01433|000001|4,000|12,500000|50,00|0|||2534|0,00|
|H010|01434|000001|1,000|2,800000|2,80|0|||2534|0,00|
|H010|01435|000007|2,000|109,840000|219,68|0|||2534|0,00|
|H010|01436|000007|2,000|19,490000|38,98|0|||2534|0,00|
|H010|01437|000001|130,000|4,540000|590,20|0|||2534|0,00|
|H010|01438|000001|2,000|26,900000|53,80|0|||2534|0,00|
|H010|01439|000001|1,000|19,900000|19,90|0|||2534|0,00|
|H010|01440|000001|1,000|39,900000|39,90|0|||2534|0,00|
|H010|01444|000004|23,000|35,000000|805,00|0|||2534|0,00|
|H010|01445|000004|12,000|45,000000|540,00|0|||2534|0,00|
|H010|01446|000007|2,000|38,950000|77,90|0|||2534|0,00|
|H010|01449|000008|504,000|0,440000|221,76|0|||2534|0,00|
|H010|01450|000008|100,000|0,610000|61,00|0|||2534|0,00|
|H010|01451|000008|100,000|0,280000|28,00|0|||2534|0,00|
|H010|01452|000008|1,000|6,950000|6,95|0|||2534|0,00|
|H010|01453|000008|201,000|0,890000|178,89|0|||2534|0,00|
|H010|01454|000022|400,000|0,120000|48,00|0|||2534|0,00|
|H010|01455|000016|5,500|0,620000|3,41|0|||2534|0,00|
|H010|01456|000008|2,000|41,800000|83,60|0|||2534|0,00|
|H010|01459|000007|30,000|7,680000|230,40|0|||2534|0,00|
|H010|01460|000007|1,000|551,250000|551,25|0|||2534|0,00|
|H010|01461|000001|1,000|125,830000|125,83|0|||2534|0,00|
|H010|01462|000001|377,000|0,310000|116,87|0|||2534|0,00|
|H010|01465|000001|181,500|0,310000|56,26|0|||2534|0,00|
|H010|01466|000001|163,000|0,330000|53,79|0|||2534|0,00|
|H010|01467|000001|371,000|0,350000|129,85|0|||2534|0,00|
|H010|01469|000001|9930,000|0,440000|4369,20|0|||2534|0,00|
|H010|01470|000001|1193,000|0,130000|155,09|0|||2534|0,00|
|H010|01477|000001|1,000|11,990000|11,99|0|||2534|0,00|
|H010|01478|000001|1,000|5,290000|5,29|0|||2534|0,00|
|H010|01479|000001|4,000|7,490000|29,96|0|||2534|0,00|
|H010|01480|000001|1,000|3,990000|3,99|0|||2534|0,00|
|H010|01481|000001|1,000|6,990000|6,99|0|||2534|0,00|
|H010|01482|000001|1,000|13,890000|13,89|0|||2534|0,00|
|H010|01483|000001|1,000|7,990000|7,99|0|||2534|0,00|
|H010|01484|000001|2,000|4,500000|9,00|0|||2534|0,00|
|H010|01485|000001|1,000|1,490000|1,49|0|||2534|0,00|
|H010|01486|000001|3,000|11,990000|35,97|0|||2534|0,00|
|H010|01487|000001|1,000|3,690000|3,69|0|||2534|0,00|
|H010|01502|000001|3,000|99,900000|299,70|0|||2534|0,00|
|H010|01503|000001|1,000|44,900000|44,90|0|||2534|0,00|
|H010|01504|000001|1,000|8,900000|8,90|0|||2534|0,00|
|H010|01505|000001|1,000|14,900000|14,90|0|||2534|0,00|
|H010|01506|000001|1,000|2,700000|2,70|0|||2534|0,00|
|H010|01507|000001|8,000|3,760000|30,08|0|||2534|0,00|
|H010|01508|000001|1,000|3,270000|3,27|0|||2534|0,00|
|H010|01509|000001|1,000|4,090000|4,09|0|||2534|0,00|
|H010|01510|000001|10,000|0,080000|0,80|0|||2534|0,00|
|H010|01511|000001|5,000|0,450000|2,25|0|||2534|0,00|
|H010|01512|000001|2,000|8,990000|17,98|0|||2534|0,00|
|H010|01513|000001|1,000|9,400000|9,40|0|||2534|0,00|
|H010|01514|000001|10,000|1,390000|13,90|0|||2534|0,00|
|H010|01515|000001|2,000|3,980000|7,96|0|||2534|0,00|
|H010|01517|000007|1,000|110,000000|110,00|0|||2534|0,00|
|H010|01522|000009|49,000|260,240000|12751,76|0|||2534|0,00|
|H010|01523|000001|1,000|29,900000|29,90|0|||2534|0,00|
|H010|01524|000001|50,000|16,220000|811,00|0|||2534|0,00|
|H010|01525|000001|2,000|49,310000|98,62|0|||2534|0,00|
|H010|01526|000001|1,000|2865,170000|2865,17|0|||2534|0,00|
|H010|01538|000004|1,000|131,000000|131,00|0|||2534|0,00|
|H010|01539|000023|4,000|34,900000|139,60|0|||2534|0,00|
|H010|01540|000004|1,000|23,900000|23,90|0|||2534|0,00|
|H010|01544|000007|1,000|1450,000000|1450,00|0|||2534|0,00|
|H010|01545|000007|1,000|350,000000|350,00|0|||2534|0,00|
|H010|01546|000001|1,000|380,000000|380,00|0|||2534|0,00|
|H010|01547|000001|1,000|329,000000|329,00|0|||2534|0,00|
|H010|01548|000023|1,000|3943,800000|3943,80|0|||2534|0,00|
|H010|01549|000001|33,130|136,890000|4535,17|0|||2534|0,00|
|H010|01551|000001|4,000|6,990000|27,96|0|||2534|0,00|
|H010|01552|000001|2,000|16,490000|32,98|0|||2534|0,00|
|H010|01553|000001|14,000|8,490000|118,86|0|||2534|0,00|
|H010|01554|000001|1,000|866,000000|866,00|0|||2534|0,00|
|H010|01555|000001|1,000|129,000000|129,00|0|||2534|0,00|
|H010|01556|000001|2,000|142,000000|284,00|0|||2534|0,00|
|H010|01557|000001|5,000|4,000000|20,00|0|||2534|0,00|
|H010|01558|000001|1,000|659,000000|659,00|0|||2534|0,00|
|H010|01559|000001|1,000|259,100000|259,10|0|||2534|0,00|
|H010|01560|000008|2,000|18,100000|36,20|0|||2534|0,00|
|H010|01561|000008|2,000|5,950000|11,90|0|||2534|0,00|
|H010|01564|000008|3,000|5,100000|15,30|0|||2534|0,00|
|H010|01565|000008|1,000|54,900000|54,90|0|||2534|0,00|
|H010|01566|000008|1,000|17,900000|17,90|0|||2534|0,00|
|H010|01567|000008|1,000|17,860000|17,86|0|||2534|0,00|
|H010|01568|000008|2,000|4,050000|8,10|0|||2534|0,00|
|H010|01569|000008|2,000|43,750000|87,50|0|||2534|0,00|
|H010|01570|000005|5,000|7,390000|36,95|0|||2534|0,00|
|H010|01571|000008|100,000|0,190000|19,00|0|||2534|0,00|
|H010|01572|000005|753,380|12,810000|9650,80|0|||2534|0,00|
|H010|01573|000007|1,000|3950,000000|3950,00|0|||2534|0,00|
|H010|01574|000001|1,000|990,000000|990,00|0|||2534|0,00|
|H010|01575|000001|1,000|95,000000|95,00|0|||2534|0,00|
|H010|01576|000001|1,000|135,000000|135,00|0|||2534|0,00|
|H010|01577|000007|1,000|95,000000|95,00|0|||2534|0,00|
|H010|01581|000001|8,000|58,650000|469,20|0|||2534|0,00|
|H010|01582|000001|1,000|102,540000|102,54|0|||2534|0,00|
|H010|01583|000016|40,000|1,790000|71,60|0|||2534|0,00|
|H010|01584|000001|170,000|0,900000|153,00|0|||2534|0,00|
|H010|01585|000005|8,000|42,220000|337,76|0|||2534|0,00|
|H010|01586|000001|1,000|22,270000|22,27|0|||2534|0,00|
|H010|01587|000001|1,000|76,830000|76,83|0|||2534|0,00|
|H010|01588|000015|30,000|11,080000|332,40|0|||2534|0,00|
|H010|01589|000001|18,000|77,900000|1402,20|0|||2534|0,00|
|H010|01593|000001|10,000|8,500000|85,00|0|||2534|0,00|
|H010|01594|000001|5,000|6,190000|30,95|0|||2534|0,00|
|H010|01595|000001|1,000|6,140000|6,14|0|||2534|0,00|
|H010|01596|000001|1,000|8,990000|8,99|0|||2534|0,00|
|H010|01597|000001|1,000|13,500000|13,50|0|||2534|0,00|
|H010|01598|000001|1,000|5,990000|5,99|0|||2534|0,00|
|H010|01599|000001|1,000|11,500000|11,50|0|||2534|0,00|
|H010|01600|000001|1,000|3,860000|3,86|0|||2534|0,00|
|H010|01601|000001|1,000|3,860000|3,86|0|||2534|0,00|
|H010|01602|000001|2,000|6,250000|12,50|0|||2534|0,00|
|H010|01606|000013|18,000|6,630000|119,34|0|||2534|0,00|
|H010|01607|000004|2,000|310,000000|620,00|0|||2534|0,00|
|H010|01608|000015|1,000|14,760000|14,76|0|||2534|0,00|
|H010|01609|000016|100,000|1,880000|188,00|0|||2534|0,00|
|H010|01610|000015|5,500|31,120000|171,16|0|||2534|0,00|
|H010|01611|000005|10,000|4,990000|49,90|0|||2534|0,00|
|H010|01612|000015|30,000|4,400000|132,00|0|||2534|0,00|
|H010|01613|000015|30,000|58,690000|1760,70|0|||2534|0,00|
|H010|01614|000001|1,000|1238,270000|1238,27|0|||2534|0,00|
|H010|01624|000007|1,000|8,000000|8,00|0|||2534|0,00|
|H010|01625|000001|1,000|54,900000|54,90|0|||2534|0,00|
|H010|01626|000001|10,000|2,150000|21,50|0|||2534|0,00|
|H010|01630|000001|24,000|11,900000|285,60|0|||2534|0,00|
|H010|01631|000001|500,000|0,200000|100,00|0|||2534|0,00|
|H010|01638|000007|2,000|6,930000|13,86|0|||2534|0,00|
|H010|01639|000016|40,000|3,340000|133,60|0|||2534|0,00|
|H010|01640|000007|1,000|18,330000|18,33|0|||2534|0,00|
|H010|01642|000007|1,000|12,250000|12,25|0|||2534|0,00|
|H010|01643|000007|12,000|13,820000|165,84|0|||2534|0,00|
|H010|01644|000007|6,000|2,010000|12,06|0|||2534|0,00|
|H010|01645|000007|6,000|13,310000|79,86|0|||2534|0,00|
|H010|01646|000016|30,000|4,850000|145,50|0|||2534|0,00|
|H010|01647|000016|30,000|4,850000|145,50|0|||2534|0,00|
|H010|01648|000016|30,000|4,850000|145,50|0|||2534|0,00|
|H010|01649|000016|30,000|4,850000|145,50|0|||2534|0,00|
|H010|01651|000016|25,000|2,960000|74,00|0|||2534|0,00|
|H010|01652|000016|50,000|2,210000|110,50|0|||2534|0,00|
|H010|01653|000007|10,000|1,520000|15,20|0|||2534|0,00|
|H010|01654|000001|2,000|56,580000|113,16|0|||2534|0,00|
|H010|01655|000001|1,000|1,990000|1,99|0|||2534|0,00|
|H010|01656|000001|1,000|4,490000|4,49|0|||2534|0,00|
|H010|01657|000001|1,000|3,390000|3,39|0|||2534|0,00|
|H010|01658|000001|1,000|4,000000|4,00|0|||2534|0,00|
|H010|01659|000001|2,000|6,990000|13,98|0|||2534|0,00|
|H010|01660|000001|3,000|8,450000|25,35|0|||2534|0,00|
|H010|01661|000001|1,000|1,900000|1,90|0|||2534|0,00|
|H010|01662|000005|1,734|20,440000|35,44|0|||2534|0,00|
|H010|01663|000005|0,522|13,980000|7,30|0|||2534|0,00|
|H010|01664|000001|1,000|9,980000|9,98|0|||2534|0,00|
|H010|01665|000001|2,000|8,990000|17,98|0|||2534|0,00|
|H010|01666|000001|1,000|3,750000|3,75|0|||2534|0,00|
|H010|01667|000001|1,000|7,990000|7,99|0|||2534|0,00|
|H010|01668|000001|2,000|3,990000|7,98|0|||2534|0,00|
|H010|01669|000008|3,000|30,500000|91,50|0|||2534|0,00|
|H010|01670|000008|3,000|38,000000|114,00|0|||2534|0,00|
|H010|01671|000008|1,000|32,000000|32,00|0|||2534|0,00|
|H010|01672|000008|200,000|0,500000|100,00|0|||2534|0,00|
|H010|01673|000008|1,000|57,000000|57,00|0|||2534|0,00|
|H010|01674|000008|100,000|0,260000|26,00|0|||2534|0,00|
|H010|01675|000008|1,000|87,000000|87,00|0|||2534|0,00|
|H010|01676|000007|1,000|151,600000|151,60|0|||2534|0,00|
|H010|01677|000024|2,000|283,250000|566,50|0|||2534|0,00|
|H010|01678|000024|2,000|85,170000|170,34|0|||2534|0,00|
|H010|01679|000007|1,000|6,410000|6,41|0|||2534|0,00|
|H010|01680|000007|2,000|4,090000|8,18|0|||2534|0,00|
|H010|01681|000007|2,000|3,260000|6,52|0|||2534|0,00|
|H010|01682|000007|1,000|58,110000|58,11|0|||2534|0,00|
|H010|01683|000016|30,000|3,710000|111,30|0|||2534|0,00|
|H010|01684|000007|2,000|174,150000|348,30|0|||2534|0,00|
|H010|01687|000001|1,000|744,850000|744,85|0|||2534|0,00|
|H010|01688|000001|1,000|399,030000|399,03|0|||2534|0,00|
|H010|01689|000001|1,000|976,050000|976,05|0|||2534|0,00|
|H010|01692|000015|23,000|9,020000|207,46|0|||2534|0,00|
|H010|01693|000015|0,200|9,840000|1,97|0|||2534|0,00|
|H010|01694|000007|1,000|38,000000|38,00|0|||2534|0,00|
|H010|01695|000007|3,000|3,500000|10,50|0|||2534|0,00|
|H010|01696|000007|10,000|6,500000|65,00|0|||2534|0,00|
|H010|01699|000016|11,500|25,000000|287,50|0|||2534|0,00|
|H010|01700|000007|2,000|5,000000|10,00|0|||2534|0,00|
|H010|01701|000019|1,000|35,000000|35,00|0|||2534|0,00|
|H010|01702|000001|10,000|4,750000|47,50|0|||2534|0,00|
|H010|01703|000016|500,000|1,880000|940,00|0|||2534|0,00|
|H010|01704|000016|5,000|38,660000|193,30|0|||2534|0,00|
|H010|01705|000016|5,000|7,200000|36,00|0|||2534|0,00|
|H010|01706|000015|2,000|76,790000|153,58|0|||2534|0,00|
|H010|01707|000015|5,000|6,430000|32,15|0|||2534|0,00|
|H010|01708|000001|1,000|26,980000|26,98|0|||2534|0,00|
|H010|01709|000001|1,000|33,300000|33,30|0|||2534|0,00|
|H010|01711|000001|1,000|3888,650000|3888,65|0|||2534|0,00|
|H010|01712|000001|36,000|52,000000|1872,00|0|||2534|0,00|
|H010|01714|000005|42,000|18,000000|756,00|0|||2534|0,00|
|H010|01715|000005|30,600|16,000000|489,60|0|||2534|0,00|
|H010|01716|000007|1,000|70,000000|70,00|0|||2534|0,00|
|H010|01717|000007|1,000|9798,900000|9798,90|0|||2534|0,00|
|H010|01718|000001|2,000|0,690000|1,38|0|||2534|0,00|
|H010|01719|000001|1,000|7,750000|7,75|0|||2534|0,00|
|H010|01720|000001|1,000|3,490000|3,49|0|||2534|0,00|
|H010|01721|000001|2,000|6,980000|13,96|0|||2534|0,00|
|H010|01722|000001|1,000|12,490000|12,49|0|||2534|0,00|
|H010|01723|000001|0,354|19,980000|7,07|0|||2534|0,00|
|H010|01724|000001|1,000|4,490000|4,49|0|||2534|0,00|
|H010|01725|000005|0,464|19,180000|8,90|0|||2534|0,00|
|H010|01726|000001|1,000|9,290000|9,29|0|||2534|0,00|
|H010|01727|000005|1,072|11,990000|12,85|0|||2534|0,00|
|H010|01728|000001|1,000|4,490000|4,49|0|||2534|0,00|
|H010|01729|000001|2,000|4,490000|8,98|0|||2534|0,00|
|H010|01730|000001|1,000|3,990000|3,99|0|||2534|0,00|
|H010|01733|000007|7,000|14,000000|98,00|0|||2534|0,00|
|H010|01737|000007|1,000|127,800000|127,80|0|||2534|0,00|
|H010|01738|000001|1,000|75,000000|75,00|0|||2534|0,00|
|H010|01739|000001|2,000|5,000000|10,00|0|||2534|0,00|
|H010|01740|000001|12,000|50,680000|608,16|0|||2534|0,00|
|H010|01741|000001|15,000|10,640000|159,60|0|||2534|0,00|
|H010|01742|000001|12,000|17,200000|206,40|0|||2534|0,00|
|H010|01744|000001|1,000|6322,500000|6322,50|0|||2534|0,00|
|H010|01745|000001|15,000|0,440000|6,60|0|||2534|0,00|
|H010|01746|000012|42,000|0,440000|18,48|0|||2534|0,00|
|H010|01747|000012|195,500|0,440000|86,02|0|||2534|0,00|
|H010|01748|000001|50,000|0,440000|22,00|0|||2534|0,00|
|H010|01749|000001|50,000|0,440000|22,00|0|||2534|0,00|
|H990|778|
|K001|0|
|K100|01122020|31122020|
|K200|31122020|00001|35,000|0||
|K200|31122020|00002|474,000|0||
|K200|31122020|00008|16,000|0||
|K200|31122020|00012|357,000|0||
|K200|31122020|00013|5,000|0||
|K200|31122020|00015|42,000|0||
|K200|31122020|00016|42,000|0||
|K200|31122020|00019|215,100|0||
|K200|31122020|00021|144,000|0||
|K200|31122020|00023|1800,000|0||
|K200|31122020|00026|20,000|0||
|K200|31122020|00029|780,500|0||
|K200|31122020|00030|940,800|0||
|K200|31122020|00031|160,680|0||
|K200|31122020|00034|24,000|0||
|K200|31122020|00035|107,620|0||
|K200|31122020|00036|2,000|0||
|K200|31122020|00037|5,000|0||
|K200|31122020|00038|5,000|0||
|K200|31122020|00042|6,000|0||
|K200|31122020|00043|53,500|0||
|K200|31122020|00045|3,000|0||
|K200|31122020|00046|4,000|0||
|K200|31122020|00047|6,000|0||
|K200|31122020|00048|5,000|0||
|K200|31122020|00049|8,000|0||
|K200|31122020|00050|7000,000|0||
|K200|31122020|00053|1239,400|0||
|K200|31122020|00054|1300,000|0||
|K200|31122020|00055|269,000|0||
|K200|31122020|00056|50,000|0||
|K200|31122020|00060|772,500|0||
|K200|31122020|00061|24,000|0||
|K200|31122020|00065|185,000|0||
|K200|31122020|00066|275,100|0||
|K200|31122020|00067|887,000|0||
|K200|31122020|00068|1312,600|0||
|K200|31122020|00072|6,000|0||
|K200|31122020|00073|16,000|0||
|K200|31122020|00074|266,320|0||
|K200|31122020|00075|266,320|0||
|K200|31122020|00077|76,000|0||
|K200|31122020|00079|2,000|0||
|K200|31122020|00080|13,000|0||
|K200|31122020|00081|13,000|0||
|K200|31122020|00082|4,000|0||
|K200|31122020|00083|1,000|0||
|K200|31122020|00084|2,000|0||
|K200|31122020|00085|2,000|0||
|K200|31122020|00086|4,000|0||
|K200|31122020|00087|1,000|0||
|K200|31122020|00088|2,000|0||
|K200|31122020|00089|2,000|0||
|K200|31122020|00092|24,000|0||
|K200|31122020|00099|145,000|0||
|K200|31122020|00101|191,200|0||
|K200|31122020|00106|1094,100|0||
|K200|31122020|00107|438,850|0||
|K200|31122020|00108|28,000|0||
|K200|31122020|00109|38,000|0||
|K200|31122020|00110|420,000|0||
|K200|31122020|00111|300,000|0||
|K200|31122020|00112|5,000|0||
|K200|31122020|00113|60,000|0||
|K200|31122020|00114|11,000|0||
|K200|31122020|00115|5,000|0||
|K200|31122020|00116|4655,000|0||
|K200|31122020|00117|2700,000|0||
|K200|31122020|00120|50,000|0||
|K200|31122020|00139|179,600|0||
|K200|31122020|00140|0,400|0||
|K200|31122020|00142|67,000|0||
|K200|31122020|00143|107,000|0||
|K200|31122020|00144|104,000|0||
|K200|31122020|00146|4,000|0||
|K200|31122020|00149|51,500|0||
|K200|31122020|00150|2,000|0||
|K200|31122020|00157|1,000|0||
|K200|31122020|00159|33,800|0||
|K200|31122020|00160|18,000|0||
|K200|31122020|00161|20,000|0||
|K200|31122020|00162|12,000|0||
|K200|31122020|00163|40,000|0||
|K200|31122020|00165|200,000|0||
|K200|31122020|00167|30,000|0||
|K200|31122020|00170|6,000|0||
|K200|31122020|00171|6,000|0||
|K200|31122020|00172|5,000|0||
|K200|31122020|00173|5,000|0||
|K200|31122020|00174|8,000|0||
|K200|31122020|00175|8,000|0||
|K200|31122020|00180|4,000|0||
|K200|31122020|00181|1,000|0||
|K200|31122020|00185|30,000|0||
|K200|31122020|00186|30,000|0||
|K200|31122020|00191|990,000|0||
|K200|31122020|00193|67,000|0||
|K200|31122020|00198|1881,000|0||
|K200|31122020|00200|500,000|0||
|K200|31122020|00201|200,000|0||
|K200|31122020|00203|17,000|0||
|K200|31122020|00204|17,000|0||
|K200|31122020|00205|95,000|0||
|K200|31122020|00206|90,000|0||
|K200|31122020|00207|6,000|0||
|K200|31122020|00226|188,000|0||
|K200|31122020|00228|152,000|0||
|K200|31122020|00230|1230,530|0||
|K200|31122020|00231|152,000|0||
|K200|31122020|00232|1030,000|0||
|K200|31122020|00233|25,000|0||
|K200|31122020|00234|25,000|0||
|K200|31122020|00235|25,000|0||
|K200|31122020|00236|15,000|0||
|K200|31122020|00237|9910,000|0||
|K200|31122020|00238|24995,000|0||
|K200|31122020|00239|1009,000|0||
|K200|31122020|00240|5016,800|0||
|K200|31122020|00241|143,400|0||
|K200|31122020|00242|97,800|0||
|K200|31122020|00243|30,000|0||
|K200|31122020|00245|126,151|0||
|K200|31122020|00247|649,115|0||
|K200|31122020|00248|503,195|0||
|K200|31122020|00249|503,200|0||
|K200|31122020|00250|70,400|0||
|K200|31122020|00251|1,000|0||
|K200|31122020|00252|51,000|0||
|K200|31122020|00258|4,700|0||
|K200|31122020|00272|1,000|0||
|K200|31122020|00277|5,000|0||
|K200|31122020|00279|5,000|0||
|K200|31122020|00293|17,000|0||
|K200|31122020|00297|1,000|0||
|K200|31122020|00304|134,000|0||
|K200|31122020|00306|6,000|0||
|K200|31122020|00308|4629,000|0||
|K200|31122020|00316|20,000|0||
|K200|31122020|00330|42,000|0||
|K200|31122020|00331|46,000|0||
|K200|31122020|00336|346,000|0||
|K200|31122020|00345|2,000|0||
|K200|31122020|00350|1,000|0||
|K200|31122020|00351|6,000|0||
|K200|31122020|00353|1,000|0||
|K200|31122020|00355|15,000|0||
|K200|31122020|00357|800,000|0||
|K200|31122020|00358|1000,000|0||
|K200|31122020|00359|1200,000|0||
|K200|31122020|00374|10,000|0||
|K200|31122020|00385|20,000|0||
|K200|31122020|00409|3,000|0||
|K200|31122020|00412|64,000|0||
|K200|31122020|00429|1,000|0||
|K200|31122020|00430|44,000|0||
|K200|31122020|00441|3,000|0||
|K200|31122020|00445|10,000|0||
|K200|31122020|00449|116,362|0||
|K200|31122020|00462|4960,361|0||
|K200|31122020|00463|4,000|0||
|K200|31122020|00464|1000,000|0||
|K200|31122020|00472|100,000|0||
|K200|31122020|00481|555,000|0||
|K200|31122020|00483|175,180|0||
|K200|31122020|00485|2,000|0||
|K200|31122020|00489|4,000|0||
|K200|31122020|00495|4,000|0||
|K200|31122020|00496|9,000|0||
|K200|31122020|00500|32,000|0||
|K200|31122020|00514|5,000|0||
|K200|31122020|00517|25,000|0||
|K200|31122020|00518|200,000|0||
|K200|31122020|00519|2,000|0||
|K200|31122020|00528|10,000|0||
|K200|31122020|00530|1263,000|0||
|K200|31122020|00531|1400,000|0||
|K200|31122020|00533|2,000|0||
|K200|31122020|00535|3,000|0||
|K200|31122020|00536|2,000|0||
|K200|31122020|00538|18,000|0||
|K200|31122020|00539|15,000|0||
|K200|31122020|00540|1,000|0||
|K200|31122020|00543|1,000|0||
|K200|31122020|00544|17,000|0||
|K200|31122020|00545|73,000|0||
|K200|31122020|00546|9,000|0||
|K200|31122020|00548|9,000|0||
|K200|31122020|00557|12,000|0||
|K200|31122020|00559|5,000|0||
|K200|31122020|00560|5,000|0||
|K200|31122020|00576|1,000|0||
|K200|31122020|00577|8,000|0||
|K200|31122020|00581|10,000|0||
|K200|31122020|00582|855,000|0||
|K200|31122020|00587|7,000|0||
|K200|31122020|00588|9,000|0||
|K200|31122020|00589|12,000|0||
|K200|31122020|00593|1,000|0||
|K200|31122020|00594|20,000|0||
|K200|31122020|00595|20,000|0||
|K200|31122020|00597|23,000|0||
|K200|31122020|00598|16,000|0||
|K200|31122020|00601|3,000|0||
|K200|31122020|00604|32,000|0||
|K200|31122020|00605|12,000|0||
|K200|31122020|00607|2,000|0||
|K200|31122020|00611|56,000|0||
|K200|31122020|00612|1,000|0||
|K200|31122020|00613|32,000|0||
|K200|31122020|00614|41,000|0||
|K200|31122020|00615|13,000|0||
|K200|31122020|00622|1,000|0||
|K200|31122020|00623|1,000|0||
|K200|31122020|00624|14,000|0||
|K200|31122020|00628|14,000|0||
|K200|31122020|00629|0,680|0||
|K200|31122020|00634|13,000|0||
|K200|31122020|00647|10,000|0||
|K200|31122020|00655|8,000|0||
|K200|31122020|00659|390,840|0||
|K200|31122020|00663|121,000|0||
|K200|31122020|00665|1,000|0||
|K200|31122020|00669|15,000|0||
|K200|31122020|00672|2,000|0||
|K200|31122020|00674|27,000|0||
|K200|31122020|00675|45,000|0||
|K200|31122020|00676|7,000|0||
|K200|31122020|00677|32,000|0||
|K200|31122020|00680|10,000|0||
|K200|31122020|00683|19,000|0||
|K200|31122020|00684|20,000|0||
|K200|31122020|00686|450,000|0||
|K200|31122020|00688|2,000|0||
|K200|31122020|00696|1,000|0||
|K200|31122020|00698|2,000|0||
|K200|31122020|00699|6,000|0||
|K200|31122020|00700|50,000|0||
|K200|31122020|00702|6,000|0||
|K200|31122020|00705|40,000|0||
|K200|31122020|00706|7,000|0||
|K200|31122020|00709|1,000|0||
|K200|31122020|00710|1,000|0||
|K200|31122020|00715|1,000|0||
|K200|31122020|00716|4168,060|0||
|K200|31122020|00717|32,250|0||
|K200|31122020|00718|1206,235|0||
|K200|31122020|00719|1206,235|0||
|K200|31122020|00727|1,000|0||
|K200|31122020|00728|530,184|0||
|K200|31122020|00729|78,000|0||
|K200|31122020|00730|953,397|0||
|K200|31122020|00737|4,000|0||
|K200|31122020|00738|23,000|0||
|K200|31122020|00739|15,000|0||
|K200|31122020|00740|25,000|0||
|K200|31122020|00741|29,000|0||
|K200|31122020|00742|19,000|0||
|K200|31122020|00744|6,000|0||
|K200|31122020|00746|227,000|0||
|K200|31122020|00747|5,000|0||
|K200|31122020|00758|50,000|0||
|K200|31122020|00763|2,000|0||
|K200|31122020|00766|32,000|0||
|K200|31122020|00768|1,000|0||
|K200|31122020|00771|7,000|0||
|K200|31122020|00772|7,000|0||
|K200|31122020|00778|3,000|0||
|K200|31122020|00780|1737,000|0||
|K200|31122020|00797|12,000|0||
|K200|31122020|00802|2,000|0||
|K200|31122020|00803|2,044|0||
|K200|31122020|00810|2,000|0||
|K200|31122020|00822|426,400|0||
|K200|31122020|00823|587,366|0||
|K200|31122020|00824|268,000|0||
|K200|31122020|00825|52,000|0||
|K200|31122020|00826|12,000|0||
|K200|31122020|00827|1238,400|0||
|K200|31122020|00828|627,540|0||
|K200|31122020|00829|118,656|0||
|K200|31122020|00830|194,800|0||
|K200|31122020|00831|124,100|0||
|K200|31122020|00832|717,150|0||
|K200|31122020|00833|717,150|0||
|K200|31122020|00834|15,000|0||
|K200|31122020|00835|15,000|0||
|K200|31122020|00838|1869,467|0||
|K200|31122020|00842|3,000|0||
|K200|31122020|00843|3,000|0||
|K200|31122020|00844|4,000|0||
|K200|31122020|00846|6,000|0||
|K200|31122020|00857|1,000|0||
|K200|31122020|00859|1,000|0||
|K200|31122020|00862|4,000|0||
|K200|31122020|00868|2,000|0||
|K200|31122020|00876|10,000|0||
|K200|31122020|00878|5,000|0||
|K200|31122020|00883|20,000|0||
|K200|31122020|00892|2,000|0||
|K200|31122020|00895|89,789|0||
|K200|31122020|00896|6,000|0||
|K200|31122020|00897|32,000|0||
|K200|31122020|00898|1,000|0||
|K200|31122020|00899|4,000|0||
|K200|31122020|00900|4,000|0||
|K200|31122020|00901|3,000|0||
|K200|31122020|00902|1,000|0||
|K200|31122020|00903|0,770|0||
|K200|31122020|00904|24,000|0||
|K200|31122020|00905|2,000|0||
|K200|31122020|00906|6,000|0||
|K200|31122020|00907|2,000|0||
|K200|31122020|00909|400,000|0||
|K200|31122020|00912|8,000|0||
|K200|31122020|00913|178,000|0||
|K200|31122020|00914|4,000|0||
|K200|31122020|00915|2,000|0||
|K200|31122020|00916|1,000|0||
|K200|31122020|00917|1,000|0||
|K200|31122020|00918|1,000|0||
|K200|31122020|00919|12,000|0||
|K200|31122020|00920|1,000|0||
|K200|31122020|00921|1,000|0||
|K200|31122020|00922|1,000|0||
|K200|31122020|00923|1,000|0||
|K200|31122020|00924|0,200|0||
|K200|31122020|00925|1,000|0||
|K200|31122020|00926|15,000|0||
|K200|31122020|00927|1,000|0||
|K200|31122020|00928|4,000|0||
|K200|31122020|00929|8,000|0||
|K200|31122020|00930|4,000|0||
|K200|31122020|00932|1,000|0||
|K200|31122020|00933|1,000|0||
|K200|31122020|00934|1,000|0||
|K200|31122020|00935|1,000|0||
|K200|31122020|00936|21,000|0||
|K200|31122020|00937|2,000|0||
|K200|31122020|00938|1,000|0||
|K200|31122020|00939|1,000|0||
|K200|31122020|00940|1,000|0||
|K200|31122020|00941|1,000|0||
|K200|31122020|00942|2,000|0||
|K200|31122020|00943|1,000|0||
|K200|31122020|00944|1,000|0||
|K200|31122020|00945|1,000|0||
|K200|31122020|00946|3,000|0||
|K200|31122020|00954|1,000|0||
|K200|31122020|00955|24,000|0||
|K200|31122020|00956|30,000|0||
|K200|31122020|00957|1,000|0||
|K200|31122020|00958|1,000|0||
|K200|31122020|00959|8,000|0||
|K200|31122020|00960|1,000|0||
|K200|31122020|00961|3,000|0||
|K200|31122020|00962|1,000|0||
|K200|31122020|00963|1,000|0||
|K200|31122020|00964|2,000|0||
|K200|31122020|00965|4,000|0||
|K200|31122020|00966|3,000|0||
|K200|31122020|00967|6,000|0||
|K200|31122020|00968|1,000|0||
|K200|31122020|00969|1,000|0||
|K200|31122020|00970|1,000|0||
|K200|31122020|00971|2,000|0||
|K200|31122020|00972|3,000|0||
|K200|31122020|00973|2,000|0||
|K200|31122020|00974|16,000|0||
|K200|31122020|00978|1,000|0||
|K200|31122020|00979|1,000|0||
|K200|31122020|00980|2,000|0||
|K200|31122020|00981|4,000|0||
|K200|31122020|00990|90,150|0||
|K200|31122020|00992|149,100|0||
|K200|31122020|00993|499,000|0||
|K200|31122020|00994|39,900|0||
|K200|31122020|00998|20,000|0||
|K200|31122020|00999|2,000|0||
|K200|31122020|01000|2,000|0||
|K200|31122020|01001|5,000|0||
|K200|31122020|01002|2,000|0||
|K200|31122020|01003|1,000|0||
|K200|31122020|01004|1,000|0||
|K200|31122020|01005|1,000|0||
|K200|31122020|01006|6,000|0||
|K200|31122020|01007|1,000|0||
|K200|31122020|01008|1,000|0||
|K200|31122020|01009|1,000|0||
|K200|31122020|01010|3,595|0||
|K200|31122020|01011|2,000|0||
|K200|31122020|01012|3,000|0||
|K200|31122020|01013|1,000|0||
|K200|31122020|01014|102,088|0||
|K200|31122020|01015|1,000|0||
|K200|31122020|01016|1,000|0||
|K200|31122020|01017|20,000|0||
|K200|31122020|01018|3412,000|0||
|K200|31122020|01027|4,000|0||
|K200|31122020|01028|11,000|0||
|K200|31122020|01030|1,000|0||
|K200|31122020|01032|105,000|0||
|K200|31122020|01033|87,000|0||
|K200|31122020|01034|2,000|0||
|K200|31122020|01035|1,000|0||
|K200|31122020|01036|11,000|0||
|K200|31122020|01037|2,000|0||
|K200|31122020|01038|1,000|0||
|K200|31122020|01039|0,382|0||
|K200|31122020|01040|1,000|0||
|K200|31122020|01041|20,000|0||
|K200|31122020|01042|1,000|0||
|K200|31122020|01043|1,000|0||
|K200|31122020|01044|1,000|0||
|K200|31122020|01045|1,000|0||
|K200|31122020|01046|1,000|0||
|K200|31122020|01048|2,000|0||
|K200|31122020|01049|4,000|0||
|K200|31122020|01050|5,000|0||
|K200|31122020|01051|2,000|0||
|K200|31122020|01052|7,000|0||
|K200|31122020|01053|4,000|0||
|K200|31122020|01054|13,000|0||
|K200|31122020|01057|63,550|0||
|K200|31122020|01058|17,200|0||
|K200|31122020|01065|100,000|0||
|K200|31122020|01086|20,000|0||
|K200|31122020|01107|1,000|0||
|K200|31122020|01108|1,000|0||
|K200|31122020|01109|2,000|0||
|K200|31122020|01110|2,000|0||
|K200|31122020|01111|1,000|0||
|K200|31122020|01112|1,000|0||
|K200|31122020|01113|1,000|0||
|K200|31122020|01114|2,000|0||
|K200|31122020|01115|5,000|0||
|K200|31122020|01116|20,000|0||
|K200|31122020|01117|20,000|0||
|K200|31122020|01118|1,000|0||
|K200|31122020|01119|1,000|0||
|K200|31122020|01121|32,000|0||
|K200|31122020|01122|135,000|0||
|K200|31122020|01123|2,000|0||
|K200|31122020|01124|1,000|0||
|K200|31122020|01125|1,000|0||
|K200|31122020|01126|3,000|0||
|K200|31122020|01127|3,000|0||
|K200|31122020|01128|1,000|0||
|K200|31122020|01129|1,000|0||
|K200|31122020|01130|1,000|0||
|K200|31122020|01131|1,000|0||
|K200|31122020|01132|2,000|0||
|K200|31122020|01133|2,000|0||
|K200|31122020|01134|1,000|0||
|K200|31122020|01135|1,000|0||
|K200|31122020|01136|1,000|0||
|K200|31122020|01138|2,000|0||
|K200|31122020|01139|2,000|0||
|K200|31122020|01140|1,000|0||
|K200|31122020|01141|1,000|0||
|K200|31122020|01142|1,000|0||
|K200|31122020|01143|1,000|0||
|K200|31122020|01144|5,000|0||
|K200|31122020|01145|5,000|0||
|K200|31122020|01146|6,000|0||
|K200|31122020|01147|4,000|0||
|K200|31122020|01148|50,000|0||
|K200|31122020|01149|4,000|0||
|K200|31122020|01150|10,000|0||
|K200|31122020|01151|1,000|0||
|K200|31122020|01152|1,000|0||
|K200|31122020|01153|1,000|0||
|K200|31122020|01154|1,000|0||
|K200|31122020|01155|1,000|0||
|K200|31122020|01156|2,000|0||
|K200|31122020|01157|1,000|0||
|K200|31122020|01159|2,000|0||
|K200|31122020|01160|1,000|0||
|K200|31122020|01161|3,000|0||
|K200|31122020|01162|3,000|0||
|K200|31122020|01163|1,000|0||
|K200|31122020|01164|1,000|0||
|K200|31122020|01165|4,000|0||
|K200|31122020|01166|4,000|0||
|K200|31122020|01167|1,000|0||
|K200|31122020|01168|1,000|0||
|K200|31122020|01169|1,000|0||
|K200|31122020|01170|1,000|0||
|K200|31122020|01171|2,000|0||
|K200|31122020|01172|1,000|0||
|K200|31122020|01176|1,000|0||
|K200|31122020|01177|24,000|0||
|K200|31122020|01178|7,000|0||
|K200|31122020|01179|3,000|0||
|K200|31122020|01180|8,000|0||
|K200|31122020|01181|5,000|0||
|K200|31122020|01182|1,000|0||
|K200|31122020|01183|2,356|0||
|K200|31122020|01184|1,000|0||
|K200|31122020|01185|65,000|0||
|K200|31122020|01186|1,000|0||
|K200|31122020|01187|765,063|0||
|K200|31122020|01188|1,000|0||
|K200|31122020|01189|1,000|0||
|K200|31122020|01190|1,000|0||
|K200|31122020|01191|3,000|0||
|K200|31122020|01193|9,000|0||
|K200|31122020|01194|3,000|0||
|K200|31122020|01201|71,000|0||
|K200|31122020|01202|46,000|0||
|K200|31122020|01203|30,000|0||
|K200|31122020|01204|3,000|0||
|K200|31122020|01205|77,000|0||
|K200|31122020|01206|1,000|0||
|K200|31122020|01207|1,000|0||
|K200|31122020|01208|2003,000|0||
|K200|31122020|01209|1,000|0||
|K200|31122020|01210|1,000|0||
|K200|31122020|01212|14,000|0||
|K200|31122020|01216|2,000|0||
|K200|31122020|01217|2,000|0||
|K200|31122020|01218|1,000|0||
|K200|31122020|01219|2,000|0||
|K200|31122020|01220|1,000|0||
|K200|31122020|01221|1,000|0||
|K200|31122020|01222|1,000|0||
|K200|31122020|01223|3,000|0||
|K200|31122020|01224|4,000|0||
|K200|31122020|01225|2,000|0||
|K200|31122020|01226|4,000|0||
|K200|31122020|01227|2,000|0||
|K200|31122020|01228|3,000|0||
|K200|31122020|01229|1,000|0||
|K200|31122020|01230|5,000|0||
|K200|31122020|01231|1,000|0||
|K200|31122020|01232|1,000|0||
|K200|31122020|01233|3,000|0||
|K200|31122020|01234|3,000|0||
|K200|31122020|01235|1,000|0||
|K200|31122020|01236|2,000|0||
|K200|31122020|01237|1,000|0||
|K200|31122020|01238|1,000|0||
|K200|31122020|01239|1,000|0||
|K200|31122020|01240|3,000|0||
|K200|31122020|01241|1,000|0||
|K200|31122020|01245|461,000|0||
|K200|31122020|01246|1,000|0||
|K200|31122020|01247|1,000|0||
|K200|31122020|01248|1,000|0||
|K200|31122020|01249|3,000|0||
|K200|31122020|01250|1,000|0||
|K200|31122020|01251|3,000|0||
|K200|31122020|01252|1,000|0||
|K200|31122020|01253|1,000|0||
|K200|31122020|01255|1,000|0||
|K200|31122020|01256|1,000|0||
|K200|31122020|01257|3,000|0||
|K200|31122020|01258|401,000|0||
|K200|31122020|01259|1000,000|0||
|K200|31122020|01260|400,000|0||
|K200|31122020|01261|3,000|0||
|K200|31122020|01262|80,000|0||
|K200|31122020|01263|80,000|0||
|K200|31122020|01264|3,000|0||
|K200|31122020|01265|1,000|0||
|K200|31122020|01266|2,000|0||
|K200|31122020|01267|5,000|0||
|K200|31122020|01268|5,000|0||
|K200|31122020|01269|5,000|0||
|K200|31122020|01270|1,000|0||
|K200|31122020|01271|27,000|0||
|K200|31122020|01272|14,000|0||
|K200|31122020|01274|11,000|0||
|K200|31122020|01275|3,000|0||
|K200|31122020|01276|3,000|0||
|K200|31122020|01277|3,000|0||
|K200|31122020|01278|1,000|0||
|K200|31122020|01279|2,000|0||
|K200|31122020|01280|7,000|0||
|K200|31122020|01283|500,000|0||
|K200|31122020|01284|1,000|0||
|K200|31122020|01285|20,000|0||
|K200|31122020|01286|1,000|0||
|K200|31122020|01287|3,000|0||
|K200|31122020|01293|4,000|0||
|K200|31122020|01294|3,000|0||
|K200|31122020|01295|1,000|0||
|K200|31122020|01296|1,000|0||
|K200|31122020|01297|1,000|0||
|K200|31122020|01298|1,000|0||
|K200|31122020|01299|12,000|0||
|K200|31122020|01300|1,000|0||
|K200|31122020|01301|4,000|0||
|K200|31122020|01302|1,000|0||
|K200|31122020|01303|1,000|0||
|K200|31122020|01304|0,302|0||
|K200|31122020|01305|0,285|0||
|K200|31122020|01306|4,000|0||
|K200|31122020|01307|2,000|0||
|K200|31122020|01308|24,000|0||
|K200|31122020|01309|2,000|0||
|K200|31122020|01310|2,000|0||
|K200|31122020|01311|1,000|0||
|K200|31122020|01312|1,000|0||
|K200|31122020|01313|2,000|0||
|K200|31122020|01314|2,000|0||
|K200|31122020|01315|2,000|0||
|K200|31122020|01316|14,000|0||
|K200|31122020|01317|14,000|0||
|K200|31122020|01318|1,000|0||
|K200|31122020|01320|97,000|0||
|K200|31122020|01321|1,000|0||
|K200|31122020|01322|1,000|0||
|K200|31122020|01323|25,000|0||
|K200|31122020|01324|1,000|0||
|K200|31122020|01327|50,000|0||
|K200|31122020|01328|1,000|0||
|K200|31122020|01329|30,000|0||
|K200|31122020|01330|6,000|0||
|K200|31122020|01331|1,000|0||
|K200|31122020|01332|1,000|0||
|K200|31122020|01333|2,000|0||
|K200|31122020|01336|78,000|0||
|K200|31122020|01337|104,000|0||
|K200|31122020|01338|10,000|0||
|K200|31122020|01339|100,000|0||
|K200|31122020|01340|15,000|0||
|K200|31122020|01341|5,000|0||
|K200|31122020|01342|6,000|0||
|K200|31122020|01343|20,000|0||
|K200|31122020|01344|20,000|0||
|K200|31122020|01345|97,000|0||
|K200|31122020|01346|20,000|0||
|K200|31122020|01347|3,000|0||
|K200|31122020|01348|6,000|0||
|K200|31122020|01349|2,000|0||
|K200|31122020|01350|11,000|0||
|K200|31122020|01351|1,000|0||
|K200|31122020|01352|3,000|0||
|K200|31122020|01353|1,000|0||
|K200|31122020|01354|6,000|0||
|K200|31122020|01355|5,000|0||
|K200|31122020|01356|25,000|0||
|K200|31122020|01357|11,000|0||
|K200|31122020|01358|7,000|0||
|K200|31122020|01359|24,000|0||
|K200|31122020|01360|50,000|0||
|K200|31122020|01361|4000,000|0||
|K200|31122020|01362|7000,000|0||
|K200|31122020|01363|14,000|0||
|K200|31122020|01366|4,000|0||
|K200|31122020|01367|1,000|0||
|K200|31122020|01368|1,000|0||
|K200|31122020|01369|1,000|0||
|K200|31122020|01371|12,000|0||
|K200|31122020|01372|1,000|0||
|K200|31122020|01373|1,000|0||
|K200|31122020|01374|2,000|0||
|K200|31122020|01375|23,000|0||
|K200|31122020|01376|5,000|0||
|K200|31122020|01377|2,000|0||
|K200|31122020|01378|7,000|0||
|K200|31122020|01379|417,000|0||
|K200|31122020|01380|320,000|0||
|K200|31122020|01384|252,000|0||
|K200|31122020|01389|1,000|0||
|K200|31122020|01391|25,000|0||
|K200|31122020|01392|50,000|0||
|K200|31122020|01394|20,000|0||
|K200|31122020|01396|3,000|0||
|K200|31122020|01397|3,000|0||
|K200|31122020|01398|100,010|0||
|K200|31122020|01399|922,000|0||
|K200|31122020|01400|1,000|0||
|K200|31122020|01401|3,000|0||
|K200|31122020|01402|2,000|0||
|K200|31122020|01403|12,000|0||
|K200|31122020|01404|2,000|0||
|K200|31122020|01405|1,000|0||
|K200|31122020|01406|1,000|0||
|K200|31122020|01407|1,000|0||
|K200|31122020|01408|1,000|0||
|K200|31122020|01409|1,000|0||
|K200|31122020|01410|1,000|0||
|K200|31122020|01411|1,000|0||
|K200|31122020|01412|1,000|0||
|K200|31122020|01413|3,144|0||
|K200|31122020|01414|1,000|0||
|K200|31122020|01415|2,000|0||
|K200|31122020|01416|1,000|0||
|K200|31122020|01417|0,376|0||
|K200|31122020|01420|6,000|0||
|K200|31122020|01423|12,000|0||
|K200|31122020|01430|3,000|0||
|K200|31122020|01431|0,020|0||
|K200|31122020|01432|35,000|0||
|K200|31122020|01433|4,000|0||
|K200|31122020|01434|1,000|0||
|K200|31122020|01435|2,000|0||
|K200|31122020|01436|2,000|0||
|K200|31122020|01437|130,000|0||
|K200|31122020|01438|2,000|0||
|K200|31122020|01439|1,000|0||
|K200|31122020|01440|1,000|0||
|K200|31122020|01444|23,000|0||
|K200|31122020|01445|12,000|0||
|K200|31122020|01446|2,000|0||
|K200|31122020|01449|504,000|0||
|K200|31122020|01450|100,000|0||
|K200|31122020|01451|100,000|0||
|K200|31122020|01452|1,000|0||
|K200|31122020|01453|201,000|0||
|K200|31122020|01454|400,000|0||
|K200|31122020|01455|5,500|0||
|K200|31122020|01456|2,000|0||
|K200|31122020|01459|30,000|0||
|K200|31122020|01460|1,000|0||
|K200|31122020|01461|1,000|0||
|K200|31122020|01462|377,000|0||
|K200|31122020|01465|181,500|0||
|K200|31122020|01466|163,000|0||
|K200|31122020|01467|371,000|0||
|K200|31122020|01469|9930,000|0||
|K200|31122020|01470|1193,000|0||
|K200|31122020|01477|1,000|0||
|K200|31122020|01478|1,000|0||
|K200|31122020|01479|4,000|0||
|K200|31122020|01480|1,000|0||
|K200|31122020|01481|1,000|0||
|K200|31122020|01482|1,000|0||
|K200|31122020|01483|1,000|0||
|K200|31122020|01484|2,000|0||
|K200|31122020|01485|1,000|0||
|K200|31122020|01486|3,000|0||
|K200|31122020|01487|1,000|0||
|K200|31122020|01502|3,000|0||
|K200|31122020|01503|1,000|0||
|K200|31122020|01504|1,000|0||
|K200|31122020|01505|1,000|0||
|K200|31122020|01506|1,000|0||
|K200|31122020|01507|8,000|0||
|K200|31122020|01508|1,000|0||
|K200|31122020|01509|1,000|0||
|K200|31122020|01510|10,000|0||
|K200|31122020|01511|5,000|0||
|K200|31122020|01512|2,000|0||
|K200|31122020|01513|1,000|0||
|K200|31122020|01514|10,000|0||
|K200|31122020|01515|2,000|0||
|K200|31122020|01517|1,000|0||
|K200|31122020|01522|49,000|0||
|K200|31122020|01523|1,000|0||
|K200|31122020|01524|50,000|0||
|K200|31122020|01525|2,000|0||
|K200|31122020|01526|1,000|0||
|K200|31122020|01538|1,000|0||
|K200|31122020|01539|4,000|0||
|K200|31122020|01540|1,000|0||
|K200|31122020|01544|1,000|0||
|K200|31122020|01545|1,000|0||
|K200|31122020|01546|1,000|0||
|K200|31122020|01547|1,000|0||
|K200|31122020|01548|1,000|0||
|K200|31122020|01549|33,130|0||
|K200|31122020|01551|4,000|0||
|K200|31122020|01552|2,000|0||
|K200|31122020|01553|14,000|0||
|K200|31122020|01554|1,000|0||
|K200|31122020|01555|1,000|0||
|K200|31122020|01556|2,000|0||
|K200|31122020|01557|5,000|0||
|K200|31122020|01558|1,000|0||
|K200|31122020|01559|1,000|0||
|K200|31122020|01560|2,000|0||
|K200|31122020|01561|2,000|0||
|K200|31122020|01564|3,000|0||
|K200|31122020|01565|1,000|0||
|K200|31122020|01566|1,000|0||
|K200|31122020|01567|1,000|0||
|K200|31122020|01568|2,000|0||
|K200|31122020|01569|2,000|0||
|K200|31122020|01570|5,000|0||
|K200|31122020|01571|100,000|0||
|K200|31122020|01572|753,380|0||
|K200|31122020|01573|1,000|0||
|K200|31122020|01574|1,000|0||
|K200|31122020|01575|1,000|0||
|K200|31122020|01576|1,000|0||
|K200|31122020|01577|1,000|0||
|K200|31122020|01581|8,000|0||
|K200|31122020|01582|1,000|0||
|K200|31122020|01583|40,000|0||
|K200|31122020|01584|170,000|0||
|K200|31122020|01585|8,000|0||
|K200|31122020|01586|1,000|0||
|K200|31122020|01587|1,000|0||
|K200|31122020|01588|30,000|0||
|K200|31122020|01589|18,000|0||
|K200|31122020|01593|10,000|0||
|K200|31122020|01594|5,000|0||
|K200|31122020|01595|1,000|0||
|K200|31122020|01596|1,000|0||
|K200|31122020|01597|1,000|0||
|K200|31122020|01598|1,000|0||
|K200|31122020|01599|1,000|0||
|K200|31122020|01600|1,000|0||
|K200|31122020|01601|1,000|0||
|K200|31122020|01602|2,000|0||
|K200|31122020|01606|18,000|0||
|K200|31122020|01607|2,000|0||
|K200|31122020|01608|1,000|0||
|K200|31122020|01609|100,000|0||
|K200|31122020|01610|5,500|0||
|K200|31122020|01611|10,000|0||
|K200|31122020|01612|30,000|0||
|K200|31122020|01613|30,000|0||
|K200|31122020|01614|1,000|0||
|K200|31122020|01624|1,000|0||
|K200|31122020|01625|1,000|0||
|K200|31122020|01626|10,000|0||
|K200|31122020|01630|24,000|0||
|K200|31122020|01631|500,000|0||
|K200|31122020|01638|2,000|0||
|K200|31122020|01639|40,000|0||
|K200|31122020|01640|1,000|0||
|K200|31122020|01642|1,000|0||
|K200|31122020|01643|12,000|0||
|K200|31122020|01644|6,000|0||
|K200|31122020|01645|6,000|0||
|K200|31122020|01646|30,000|0||
|K200|31122020|01647|30,000|0||
|K200|31122020|01648|30,000|0||
|K200|31122020|01649|30,000|0||
|K200|31122020|01651|25,000|0||
|K200|31122020|01652|50,000|0||
|K200|31122020|01653|10,000|0||
|K200|31122020|01654|2,000|0||
|K200|31122020|01655|1,000|0||
|K200|31122020|01656|1,000|0||
|K200|31122020|01657|1,000|0||
|K200|31122020|01658|1,000|0||
|K200|31122020|01659|2,000|0||
|K200|31122020|01660|3,000|0||
|K200|31122020|01661|1,000|0||
|K200|31122020|01662|1,734|0||
|K200|31122020|01663|0,522|0||
|K200|31122020|01664|1,000|0||
|K200|31122020|01665|2,000|0||
|K200|31122020|01666|1,000|0||
|K200|31122020|01667|1,000|0||
|K200|31122020|01668|2,000|0||
|K200|31122020|01669|3,000|0||
|K200|31122020|01670|3,000|0||
|K200|31122020|01671|1,000|0||
|K200|31122020|01672|200,000|0||
|K200|31122020|01673|1,000|0||
|K200|31122020|01674|100,000|0||
|K200|31122020|01675|1,000|0||
|K200|31122020|01676|1,000|0||
|K200|31122020|01677|2,000|0||
|K200|31122020|01678|2,000|0||
|K200|31122020|01679|1,000|0||
|K200|31122020|01680|2,000|0||
|K200|31122020|01681|2,000|0||
|K200|31122020|01682|1,000|0||
|K200|31122020|01683|30,000|0||
|K200|31122020|01684|2,000|0||
|K200|31122020|01687|1,000|0||
|K200|31122020|01688|1,000|0||
|K200|31122020|01689|1,000|0||
|K200|31122020|01692|23,000|0||
|K200|31122020|01693|0,200|0||
|K200|31122020|01694|1,000|0||
|K200|31122020|01695|3,000|0||
|K200|31122020|01696|10,000|0||
|K200|31122020|01699|11,500|0||
|K200|31122020|01700|2,000|0||
|K200|31122020|01701|1,000|0||
|K200|31122020|01702|10,000|0||
|K200|31122020|01703|500,000|0||
|K200|31122020|01704|5,000|0||
|K200|31122020|01705|5,000|0||
|K200|31122020|01706|2,000|0||
|K200|31122020|01707|5,000|0||
|K200|31122020|01708|1,000|0||
|K200|31122020|01709|1,000|0||
|K200|31122020|01711|1,000|0||
|K200|31122020|01712|36,000|0||
|K200|31122020|01714|42,000|0||
|K200|31122020|01715|30,600|0||
|K200|31122020|01716|1,000|0||
|K200|31122020|01717|1,000|0||
|K200|31122020|01718|2,000|0||
|K200|31122020|01719|1,000|0||
|K200|31122020|01720|1,000|0||
|K200|31122020|01721|2,000|0||
|K200|31122020|01722|1,000|0||
|K200|31122020|01723|0,354|0||
|K200|31122020|01724|1,000|0||
|K200|31122020|01725|0,464|0||
|K200|31122020|01726|1,000|0||
|K200|31122020|01727|1,072|0||
|K200|31122020|01728|1,000|0||
|K200|31122020|01729|2,000|0||
|K200|31122020|01730|1,000|0||
|K200|31122020|01733|7,000|0||
|K200|31122020|01737|1,000|0||
|K200|31122020|01738|1,000|0||
|K200|31122020|01739|2,000|0||
|K200|31122020|01740|12,000|0||
|K200|31122020|01741|15,000|0||
|K200|31122020|01742|12,000|0||
|K200|31122020|01744|1,000|0||
|K200|31122020|01745|15,000|0||
|K200|31122020|01746|42,000|0||
|K200|31122020|01747|195,500|0||
|K200|31122020|01748|50,000|0||
|K200|31122020|01749|50,000|0||
|K230|31122020|31122020|850|00886|1,000000|
|K235|31122020|00029|42,000000||
|K230|31122020|31122020|848|00885|1,000000|
|K235|31122020|00040|1,000000||
|K235|31122020|00166|2,000000||
|K235|31122020|00005|1,000000||
|K235|31122020|00017|1,000000||
|K235|31122020|00008|1,000000||
|K235|31122020|00014|1,000000||
|K235|31122020|00044|1,000000||
|K235|31122020|00018|1,000000||
|K235|31122020|00090|1,000000||
|K235|31122020|00024|130,000000||
|K235|31122020|00153|1,000000||
|K235|31122020|00039|130,000000||
|K235|31122020|00147|1,000000||
|K235|31122020|00071|12,000000||
|K235|31122020|00225|4,000000||
|K235|31122020|00066|12,000000||
|K235|31122020|00189|1,000000||
|K235|31122020|00188|1,000000||
|K235|31122020|00198|5,000000||
|K235|31122020|00199|10,000000||
|K235|31122020|00155|1,000000||
|K235|31122020|00206|1,000000||
|K235|31122020|00154|1,000000||
|K235|31122020|00062|1,000000||
|K235|31122020|00159|1,000000||
|K235|31122020|00069|1,000000||
|K235|31122020|00001|1,000000||
|K235|31122020|00216|2,000000||
|K235|31122020|00012|6,500000||
|K230|31122020|31122020|846|00884|1,000000|
|K235|31122020|00061|2,000000||
|K235|31122020|00106|11,000000||
|K230|31122020|31122020|844|00583|1,000000|
|K235|31122020|00041|1,000000||
|K235|31122020|00040|1,000000||
|K235|31122020|00166|2,000000||
|K235|31122020|00005|1,000000||
|K235|31122020|00017|1,000000||
|K235|31122020|00008|1,000000||
|K235|31122020|00014|1,000000||
|K235|31122020|00044|1,000000||
|K235|31122020|00018|1,000000||
|K235|31122020|00090|1,000000||
|K235|31122020|00024|145,000000||
|K235|31122020|00153|1,000000||
|K235|31122020|00039|145,000000||
|K235|31122020|00147|1,000000||
|K235|31122020|00071|12,000000||
|K235|31122020|00225|4,000000||
|K235|31122020|00066|10,000000||
|K235|31122020|00189|1,000000||
|K235|31122020|00188|1,000000||
|K235|31122020|00198|16,000000||
|K235|31122020|00199|8,000000||
|K235|31122020|00155|1,000000||
|K235|31122020|00206|1,000000||
|K235|31122020|00205|1,000000||
|K235|31122020|00032|1,000000||
|K235|31122020|00154|1,000000||
|K235|31122020|00159|1,000000||
|K235|31122020|00069|1,000000||
|K235|31122020|00216|2,000000||
|K235|31122020|00106|16,000000||
|K230|31122020|31122020|842|00866|1,000000|
|K235|31122020|00041|1,000000||
|K235|31122020|00040|1,000000||
|K235|31122020|00166|2,000000||
|K235|31122020|00005|1,000000||
|K235|31122020|00017|1,000000||
|K235|31122020|00008|1,000000||
|K235|31122020|00014|1,000000||
|K235|31122020|00044|1,000000||
|K235|31122020|00018|1,000000||
|K235|31122020|00090|1,000000||
|K235|31122020|00024|150,000000||
|K235|31122020|00153|1,000000||
|K235|31122020|00039|150,000000||
|K235|31122020|00147|1,000000||
|K235|31122020|00071|12,000000||
|K235|31122020|00225|4,000000||
|K235|31122020|00066|10,000000||
|K235|31122020|00189|1,000000||
|K235|31122020|00188|1,000000||
|K235|31122020|00198|16,000000||
|K235|31122020|00199|8,000000||
|K235|31122020|00155|1,000000||
|K235|31122020|00206|1,000000||
|K235|31122020|00205|1,000000||
|K235|31122020|00032|1,000000||
|K235|31122020|00154|1,000000||
|K235|31122020|00159|1,000000||
|K235|31122020|00069|1,000000||
|K235|31122020|00216|2,000000||
|K235|31122020|00106|16,000000||
|K230|31122020|31122020|840|00865|1,000000|
|K235|31122020|00041|1,000000||
|K235|31122020|00040|1,000000||
|K235|31122020|00166|2,000000||
|K235|31122020|00005|1,000000||
|K235|31122020|00017|1,000000||
|K235|31122020|00008|1,000000||
|K235|31122020|00014|1,000000||
|K235|31122020|00044|1,000000||
|K235|31122020|00018|1,000000||
|K235|31122020|00090|1,000000||
|K235|31122020|00024|145,000000||
|K235|31122020|00153|1,000000||
|K235|31122020|00039|145,000000||
|K235|31122020|00147|1,000000||
|K235|31122020|00071|12,000000||
|K235|31122020|00225|4,000000||
|K235|31122020|00066|10,000000||
|K235|31122020|00189|1,000000||
|K235|31122020|00188|1,000000||
|K235|31122020|00198|16,000000||
|K235|31122020|00199|8,000000||
|K235|31122020|00155|1,000000||
|K235|31122020|00206|1,000000||
|K235|31122020|00205|1,000000||
|K235|31122020|00032|1,000000||
|K235|31122020|00154|1,000000||
|K235|31122020|00159|1,000000||
|K235|31122020|00069|1,000000||
|K235|31122020|00001|1,000000||
|K235|31122020|00106|16,000000||
|K230|31122020|31122020|838|00864|1,000000|
|K235|31122020|00041|2,000000||
|K235|31122020|00040|2,000000||
|K235|31122020|00166|2,000000||
|K235|31122020|00005|1,000000||
|K235|31122020|00017|1,000000||
|K235|31122020|00008|1,000000||
|K235|31122020|00014|1,000000||
|K235|31122020|00044|1,000000||
|K235|31122020|00018|1,000000||
|K235|31122020|00090|1,000000||
|K235|31122020|00024|250,000000||
|K235|31122020|00153|1,000000||
|K235|31122020|00039|250,000000||
|K235|31122020|00147|1,000000||
|K235|31122020|00071|12,000000||
|K235|31122020|00225|4,000000||
|K235|31122020|00025|14,000000||
|K235|31122020|00066|4,000000||
|K235|31122020|00189|1,000000||
|K235|31122020|00188|1,000000||
|K235|31122020|00198|40,000000||
|K235|31122020|00199|10,000000||
|K235|31122020|00155|1,000000||
|K235|31122020|00206|1,000000||
|K235|31122020|00205|1,000000||
|K235|31122020|00154|1,000000||
|K235|31122020|00062|1,000000||
|K235|31122020|00159|1,000000||
|K235|31122020|00069|1,000000||
|K235|31122020|00106|34,500000||
|K230|31122020|31122020|836|00863|1,000000|
|K235|31122020|00041|2,000000||
|K235|31122020|00040|2,000000||
|K235|31122020|00166|2,000000||
|K235|31122020|00005|1,000000||
|K235|31122020|00017|1,000000||
|K235|31122020|00008|1,000000||
|K235|31122020|00014|1,000000||
|K235|31122020|00044|1,000000||
|K235|31122020|00018|1,000000||
|K235|31122020|00090|1,000000||
|K235|31122020|00024|230,000000||
|K235|31122020|00153|1,000000||
|K235|31122020|00039|230,000000||
|K235|31122020|00147|1,000000||
|K235|31122020|00071|12,000000||
|K235|31122020|00225|4,000000||
|K235|31122020|00066|12,000000||
|K235|31122020|00189|1,000000||
|K235|31122020|00188|1,000000||
|K235|31122020|00198|35,000000||
|K235|31122020|00199|10,000000||
|K235|31122020|00155|1,000000||
|K235|31122020|00206|1,000000||
|K235|31122020|00205|1,000000||
|K235|31122020|00032|1,000000||
|K235|31122020|00154|1,000000||
|K235|31122020|00159|1,000000||
|K235|31122020|00069|1,000000||
|K235|31122020|00001|1,000000||
|K235|31122020|00216|2,000000||
|K235|31122020|00106|31,000000||
|K230|31122020|31122020|834|00861|1,000000|
|K235|31122020|00173|2,000000||
|K235|31122020|00172|2,000000||
|K235|31122020|00041|2,000000||
|K235|31122020|00040|2,000000||
|K235|31122020|00166|2,000000||
|K235|31122020|00005|1,000000||
|K235|31122020|00017|1,000000||
|K235|31122020|00008|1,000000||
|K235|31122020|00014|1,000000||
|K235|31122020|00044|1,000000||
|K235|31122020|00018|1,000000||
|K235|31122020|00090|1,000000||
|K235|31122020|00024|400,000000||
|K235|31122020|00153|1,000000||
|K235|31122020|00108|6,000000||
|K235|31122020|00039|400,000000||
|K235|31122020|00147|1,000000||
|K235|31122020|00071|20,000000||
|K235|31122020|00225|4,000000||
|K235|31122020|00025|14,000000||
|K235|31122020|00066|2,000000||
|K235|31122020|00189|1,000000||
|K235|31122020|00188|1,000000||
|K235|31122020|00198|54,000000||
|K235|31122020|00199|24,000000||
|K235|31122020|00155|1,000000||
|K235|31122020|00206|1,000000||
|K235|31122020|00205|1,000000||
|K235|31122020|00154|2,000000||
|K235|31122020|00159|1,000000||
|K235|31122020|00069|1,000000||
|K235|31122020|00001|1,000000||
|K235|31122020|00216|2,000000||
|K235|31122020|00106|28,000000||
|K230|31122020|31122020|832|00856|1,000000|
|K235|31122020|00169|1,000000||
|K235|31122020|00168|1,000000||
|K235|31122020|00166|2,000000||
|K235|31122020|00005|1,000000||
|K235|31122020|00017|1,000000||
|K235|31122020|00008|1,000000||
|K235|31122020|00014|1,000000||
|K235|31122020|00044|1,000000||
|K235|31122020|00018|1,000000||
|K235|31122020|00090|1,000000||
|K235|31122020|00024|240,000000||
|K235|31122020|00153|1,000000||
|K235|31122020|00039|240,000000||
|K235|31122020|00147|1,000000||
|K235|31122020|00071|12,000000||
|K235|31122020|00225|4,000000||
|K235|31122020|00066|14,000000||
|K235|31122020|00189|1,000000||
|K235|31122020|00188|1,000000||
|K235|31122020|00198|30,000000||
|K235|31122020|00199|12,000000||
|K235|31122020|00155|1,000000||
|K235|31122020|00206|1,000000||
|K235|31122020|00205|1,000000||
|K235|31122020|00154|2,000000||
|K235|31122020|00159|1,000000||
|K235|31122020|00069|1,000000||
|K235|31122020|00216|2,000000||
|K235|31122020|00106|21,500000||
|K230|31122020|31122020|830|00854|1,000000|
|K235|31122020|00081|1,000000||
|K235|31122020|00080|1,000000||
|K235|31122020|00169|1,000000||
|K235|31122020|00168|1,000000||
|K235|31122020|00166|2,000000||
|K235|31122020|00005|1,000000||
|K235|31122020|00017|1,000000||
|K235|31122020|00008|1,000000||
|K235|31122020|00014|1,000000||
|K235|31122020|00044|1,000000||
|K235|31122020|00018|1,000000||
|K235|31122020|00090|1,000000||
|K235|31122020|00024|315,000000||
|K235|31122020|00153|1,000000||
|K235|31122020|00039|315,000000||
|K235|31122020|00147|1,000000||
|K235|31122020|00071|10,000000||
|K235|31122020|00225|4,000000||
|K235|31122020|00025|8,000000||
|K235|31122020|00066|4,000000||
|K235|31122020|00189|1,000000||
|K235|31122020|00188|1,000000||
|K235|31122020|00198|44,000000||
|K235|31122020|00199|16,000000||
|K235|31122020|00155|1,000000||
|K235|31122020|00206|1,000000||
|K235|31122020|00205|1,000000||
|K235|31122020|00062|1,000000||
|K235|31122020|00033|1,000000||
|K235|31122020|00159|1,000000||
|K235|31122020|00069|1,000000||
|K235|31122020|00001|1,000000||
|K235|31122020|00216|2,000000||
|K235|31122020|00106|39,000000||
|K230|31122020|31122020|828|00853|1,000000|
|K235|31122020|00169|1,000000||
|K235|31122020|00168|1,000000||
|K235|31122020|00041|1,000000||
|K235|31122020|00040|1,000000||
|K235|31122020|00166|2,000000||
|K235|31122020|00005|1,000000||
|K235|31122020|00017|1,000000||
|K235|31122020|00008|1,000000||
|K235|31122020|00014|1,000000||
|K235|31122020|00044|1,000000||
|K235|31122020|00018|1,000000||
|K235|31122020|00090|1,000000||
|K235|31122020|00024|220,000000||
|K235|31122020|00153|1,000000||
|K235|31122020|00039|220,000000||
|K235|31122020|00147|1,000000||
|K235|31122020|00071|12,000000||
|K235|31122020|00225|4,000000||
|K235|31122020|00066|10,000000||
|K235|31122020|00189|1,000000||
|K235|31122020|00188|1,000000||
|K235|31122020|00198|32,000000||
|K235|31122020|00199|8,000000||
|K235|31122020|00155|1,000000||
|K235|31122020|00206|1,000000||
|K235|31122020|00205|1,000000||
|K235|31122020|00032|1,000000||
|K235|31122020|00154|1,000000||
|K235|31122020|00159|1,000000||
|K235|31122020|00069|1,000000||
|K235|31122020|00106|29,500000||
|K230|31122020|31122020|826|00852|1,000000|
|K235|31122020|00041|1,000000||
|K235|31122020|00040|1,000000||
|K235|31122020|00166|2,000000||
|K235|31122020|00005|1,000000||
|K235|31122020|00017|1,000000||
|K235|31122020|00008|1,000000||
|K235|31122020|00014|1,000000||
|K235|31122020|00044|1,000000||
|K235|31122020|00018|1,000000||
|K235|31122020|00090|1,000000||
|K235|31122020|00024|140,000000||
|K235|31122020|00153|1,000000||
|K235|31122020|00039|140,000000||
|K235|31122020|00147|1,000000||
|K235|31122020|00071|10,000000||
|K235|31122020|00225|4,000000||
|K235|31122020|00066|10,000000||
|K235|31122020|00189|1,000000||
|K235|31122020|00188|1,000000||
|K235|31122020|00198|16,000000||
|K235|31122020|00199|8,000000||
|K235|31122020|00155|1,000000||
|K235|31122020|00206|1,000000||
|K235|31122020|00205|1,000000||
|K235|31122020|00032|1,000000||
|K235|31122020|00154|1,000000||
|K235|31122020|00159|1,000000||
|K235|31122020|00069|1,000000||
|K235|31122020|00106|13,000000||
|K990|1273|
|1001|0|
|1010|N|N|N|N|N|N|N|N|N|N|N|N|N|
|1990|3|
|9001|0|
|9900|0000|1|
|9900|0001|1|
|9900|0002|1|
|9900|0005|1|
|9900|0100|1|
|9900|0150|42|
|9900|0190|24|
|9900|0200|979|
|9900|0400|5|
|9900|0990|1|
|9900|B001|1|
|9900|B990|1|
|9900|C001|1|
|9900|C100|63|
|9900|C140|3|
|9900|C141|7|
|9900|C160|3|
|9900|C170|159|
|9900|C190|66|
|9900|C990|1|
|9900|D001|1|
|9900|D100|5|
|9900|D190|5|
|9900|D990|1|
|9900|E001|1|
|9900|E100|1|
|9900|E110|1|
|9900|E116|1|
|9900|E500|1|
|9900|E510|16|
|9900|E520|1|
|9900|E990|1|
|9900|G001|1|
|9900|G990|1|
|9900|H001|1|
|9900|H005|1|
|9900|H010|775|
|9900|H990|1|
|9900|K001|1|
|9900|K100|1|
|9900|K200|917|
|9900|K230|13|
|9900|K235|340|
|9900|K990|1|
|9900|1001|1|
|9900|1010|1|
|9900|1990|1|
|9900|9001|1|
|9900|9900|51|
|9900|9990|1|
|9900|9999|1|
|9990|54|
|9999|3506|
