|0000|015|0|01082021|31082021|Laminadora Sao Caetano Ltda|04586156000238||SC|254739075|4204558|||B|0|
|0001|0|
|0002|00|
|0005|Laminadora Sao Caetano Ltda|88535000|Rod Br 116 Km 222, S/N|||Area Indl Iii|4632242946|4632242946|laminadorasaocaetano@gmail.com|
|0100|Clessi Spricigo||PR-034020/8-O||00000000||||||||4204558|
|0150|1|Rkr Florestal Ltda|1058|26440544000168||258165332|4209300||Avenida: Luiz De Camoes, 814|814||Coral|
|0150|2|Mary Stradioto Neto Me|1058|34284826000141||260164690|4209300||Rua America Do Sul, 178|178||Frei Rogerio|
|0150|3|Transcomex Transportes e Logistica Eireli|1058|08513698000150||255311656|4208203||Rua: José Siqueira. 377 Sala 04|377||Ressacada|
|0150|4|Expresso Sao Miguel Ltda|1058|00428307000783||255243200|4216057||Monte Alegre, 111 Rod Br 470, Km 225|111||Interior|
|0150|5|Expresso São Miguel Ltda|1058|00428307001240||9067123937|4106902||R Angela Gabardo Parolin, 201 Bl 3|201||Campo De Santana|
|0150|6|Moraes Madruga Servicos|1058|28827048000197||258479167|4204558||Av Tancredo Neves, 1298|1298||Pereira Alves|
|0150|7|Klabin S/A|1058|89637490013476||253691320|4204558||Br 116 Km 218, S/N|||Centro|
|0150|8|Carlos Kracik Rosa|1058||00396001904||4216800||Loc De Pinheiros Ralos, Sn|Sn||Interior|
|0150|9|L Schmaedecke Comercio e Industria Ltda|1058|84933969000105||250024055|4209300||Rua: Olimpio Sales De Oliveira, 1000|1000||Ferrovia|
|0150|10|Qualypack Embalagens Ltda Me|1058|08325528000142||3820022467|4313375||Rua Da Pedreira, 3130|3130||Floresta|
|0150|11|Polo Films Industria e Comercio S.A.|1058|26051817000263||0780108833|4312401||Est Br 386 Km 423, Sn|Sn|Gp 01|Distrito Indl|
|0150|12|Ouro Grandys Florestal Ltda|1058|17515951000104||256950750|4211751||Rod Sc 425 Km 36, 308|308||Area Indl|
|0150|13|Nova Era Comercio De Pecas Eireli|1058|14211243000183||256504415|4215505||Av Israel Granemann De Souza, 300|300||Por Do Sol|
|0150|14|Importadora Maderera Imperial Sa De Cv|04936||||9999999||Republica, #819|#819|C.P. 44329|Col. Belisario Dominguez|
|0150|15|Specht Produtos Alimenticios Ltda|1058|84584515000176||250001950|4209003||Rua Luiz Specht,50|50||Centro|
|0150|16|Loja Do Mdf - Distribuidora e Com Mad e Ferragens Ltda|1058|14988246000128||256630690|4209300||Av Presidente Vargas, 2237|2237||Coral|
|0150|17|Francisco De Assis r Dias|1058||65659236987||4204558||Est Geral Sitio Velho, Sn|Sn||Interior|
|0150|18|Rafael Ferron De Oliveira - Me|1058|19090662000128||9067159028|4105706||Rua Cinco De Julho, 430|430||Centro|
|0150|19|Si Group Crios Resinas S.A.|1058|44246528000544||9032172862|4106902||Av Juscelino Kubitschek, 12453|1245||Cidade Industrial|
|0150|20|Numill Marketing|07560||||9999999||Cnr Broadlands Road And N, 2|2||Strand - Cape Town - 7140|
|0150|21|Detella Restaurantes Empresariais Ltda|1058|93359032000754||256764042|4215505||Rod Sc 302 Km 145, Snº|Snº||Bela Vista|
|0150|22|Macromaq Equipamentos Ltda|1058|83675413000446||1016266449|4106902||Av Juscelino Kubitschek Oliveira, 3628|3628||Cidade Industrial|
|0150|23|Sandri Mat Constr Ltda|1058|85193902000144||252375424|4204558||Rua Juscelino K. De Oliveira, 1656|1656||São João|
|0150|24|Abba Especialidades Quimicas Eireli Epp|1058|11247117000190||9051677231|4106902||Rod Br 277 Ctba-Ponta Grossa, 4714|4714||Cic|
|0150|25|Onix Com De Ferramentas Eireli|1058|28395992000112||258426098|4214003||R Paulo Cipriani, 100|100||Rio Ferro|
|0150|26|Maw Maquinas Wiggers Ltda|1058|80082860000150||251548279|4209300||Av. Dom Pedro Ii, 128|128||Coral|
|0150|27|Disman Mang e Vedações Ltda|1058|02361304000100||253636078|4209300||Av Presidente Vargas, 1912|1912||Coral|
|0150|28|Gvc Eletricidade Ltda Me|1058|08957686000115||256579300|4209300||Rua Bernardo Goncalves Kustes, 1000|1000||Sao Miguel|
|0150|29|Castanhel Distr Prod Limp Ltda|1058|81002990000107||252759575|4209300||Rua Edgar s Ramos 189|189||Santa Maria|
|0150|30|Microlages Informatica Ltda|1058|06040884000194||254694829|4209300||Rua Manoel Thiago De Castro, 57|57||Centro|
|0150|31|Protecoating Distribuicao e Representacao Ltda|1058|32618868000146||260004154|4209102||Rua Arno Krelling, 33|33||Pirabeiraba|
|0150|32|Compensados Novo Milenio Ltda|1058|02825924000152||9018141806|4105706||Rua Pedro Maciel,  123|123||Sao Luiz|
|0150|33|Itipack Do Brasil Com Pcs e Equip Ltda|1058|12924620000104||9054253157|4125506||Avenida Rui Barbosa, 7600|7600||Boneca Do Iguacu|
|0150|34|Coisarada Eletricidade Ltda|1058|85257145000125||253638429|4209300||Rua Pedro Alvares Cabral, 415|415||Coral|
|0150|35|Santa Barbara Ind e Com De Madeiras|1058|27710207000106||258325178|4211751||Av Luiz Deboite, 747|747||Casa Branca|
|0150|36|Posto Horizonte Ltda|1058|81639429000125||3090033068|4117602||Rod Br 280 Km 82, Sn|Sn||Interior|
|0150|37|Jose Flares De Oliveira|1058|16657643000142||256797803|4209300||Av Luiz De Camões, 636|636||Coral|
|0150|38|Auge Metal Mecanica Ltda Me|1058|26590863000150||258184892|4202404||Rua Oscar Joao Rausch, 121|121||Badenfurt|
|0150|39|Jose Antonio De Souza Peças -Me|1058|07512008000186|||4204558||Rua Hortencio Alves Rodrigues, 364|364||Planalto Serrano|
|0150|40|Mat Constr Estrela Ltda- Epp|1058|03714718000138||254025889|4204558||Rua João Nunes Do Amaral, 1123 Sala 2|1123||Centro|
|0150|41|Bonardi Ind Quimica Ltda|1058|08775142000132||9048119040|4105805||Rua Olimpio  Cardoso, 729|729||Pq Indl|
|0150|42|Viver Epi e Epc Ltda|1058|13677363000108||256411549|4209300||Rua Humberto De Campos, 702|702||Sag Coração De Jesus|
|0150|43|Comércio e Transportes Cr Ltda|1058|00249580000155||252927052|4214805||Rua Dos Vereadores, 840|840|||
|0150|44|Construtora Fetz Ltda|1058|76819283000160||250960788|4219309||Rodovia Sc 135 Km 04, Sn|Sn|Frente|Agua Verde|
|0150|45|Wagner Rosa|1058|17612774000176||257487972|4209300||Rua Aninha De Carvalho, 85|85||Guadalupe|
|0150|46|Servix Automacao Industrial Ltda|1058|14790283000399||260025020|4209102||Rua Ottokar Doerffel, 1112, Galpão A23 b|1112||Atiradores|
|0150|47|Danyela Rios Seijas|1058|27439133000115||258291621|4204558||Av Tancredo Neves, 305|305||Centro|
|0150|48|Xavier & Deggenone Ltda|1058|08844129000350||257883657|4204558||Av Juscelino k De Oliveira, 1720|1720||Sao Joao|
|0150|49|Lubrilages Comercio De Lubrificantes Ltda|1058|84939230000100||250245450|4209300||Rod Br 282 Km 212 , 6262|6262||Conta Dinheiro|
|0150|50|Fernandes Perreira Branco & Cia Ltda|1058|28142061000102|||4117602||Rua Tertuliano Bueno De Andrade, 678|678||Palmas|
|0150|51|Tortelli Motores Ltda|1058|79240354000678||255391315|4204558||Av Juscelino k De Oliveira, 1874|1874||São João|
|0150|52|Ajj Com De Alimentos Ltda|1058|20723339000123||254742761|4209300||R Joaquim Borges De Mello, 56|56||Coral|
|0150|53|Mcs Com De Tintas Ltda|1058|09283638000151||255534710|4209300||Av Luis De Camoes, 1155 Sala f|1155||Coral|
|0150|54|Posto Otto|1058|01807349000100||9014871621|4108502||Rua Tancredo Neves, 323|323||Sao Miguel|
|0150|55|Lamisa Ltda Me|1058|20302729000120||9071713536|4128203||Rod Br 153 Km 456, Sn|Sn||Industrial|
|0150|56|Labhos Laboratorio Ltda|1058|01446695000100|||4209300||Rua  Hercílio Luz, 35|35||Centro|
|0150|57|Monte-Fix Fixadores Ltda|1058|01184255000114||253324106|4209300||Rua Campos Salles, 406|406||Coral|
|0150|58|Soldas Planalto Com e Repr Ltda|1058|79653614000122||251398994|4209300||Rua Getulio Vargas 253|253||Conta Dinheiro|
|0150|59|Alto Uruguai Gases Industriais Ltda|1058|08780814000106||255383541|4204301||Rua Tancredo De Almieda Neves, 6466|6466||Sao Cristovao|
|0150|60|Witt & ]cia Ltda|1058|83164335000172||252208471|4210100||Rua Ben. Lucille Carver, 425|425||Faxinal|
|0150|61|Itacir Alcionei De Oliveira Me|1058|00239348000136|||4204558||Rua Joao Maria Madruga, 79 Sala01|79 S||Pereira Alves|
|0150|62|Lageseg Uniforme Profissional Ltda|1058|01250453000139||253325234|4209300||Rua Humberto De Campos, 693 1º Andar|693||Sagrado Coração|
|0150|63|L.F.A Comercio De Gas Ltda|1058|18326204000344||258506610|4204558||Rua: Juscelino k De Oliveira, 1830|1830||Sao João|
|0150|64|Rj Com. e Man. Em Ar Cond.Aut. Ltda Epp|1058|03860727000137||9022848345|4118451||Iguatemi, 92|92||Pinheirinho|
|0150|65|Microsol Com Rep Eq Eletr|1058|05911967000149||255188870|4204558||Rua Juvenal Alves Da Silva 169|169||Centro|
|0150|66|Poli Ipiranga Com Comb e Lubrif. - Delta|1058|04574952000170||254261086|4204558||Rodovia Br 116 Km 216,01|01||N Sra Aparecida|
|0150|67|Dumas Com De Veiculos Ltda|1058|07897939000301||9061093955|4108403||R Vereador Romeu Lauro Werlang, 520|520||Centro|
|0150|68|Tevere Ind e Com De Aco Ltda|1058|79827473000117||251453820|4216909||Acesso Leste, 1147|1147||Centro|
|0150|69|Hercules Comp Eletr Ltda|1058|01964161000168||9013490101|4104808||Avenida Tancredo Neves, 2398|2398||Alto Alegre|
|0150|70|Mundo Azul Com e Servicos Eireli|1058|15536864000108||9059552411|4106902||R Waldemar Loureiro Campos, 3916 Ao Fim|3916||Xaxim|
|0150|71|Curipeças Com Peças e Tratores Ltda|1058|79630174000198||1011126088|4106902||R. Ten. Cel. Antonio Ricardo Santos, 183|183||Vila Hauer|
|0150|72|Engepecas Equipamentos Ltda|1058|05063653000133||9025762310|4106902||Rua William Booth, 2093|2093||Boqueirao|
|0150|73|Recaplan Pneus Ltda|1058|00443254000184||253020352|4209300||Rodovia: Br 282 Km 03, 3915|3915||Sao Francisco|
|0150|74|Celesc Distribuição S/A|1058|08336783000190||255266626|4205407||Av Itamarati, 160 Bloco A1,B1e B2|160||Itacorubi|
|0150|75|Lenzi e Filhos Ltda|1058|80126840000134||251605000|4204558||Av Pres. Tancredo Neves, 771|771||Centro|
|0150|76|Lauri Segala Eireli|1058|23423996000143||257780998|4202438||Rod Br 282, 0|0||Centro|
|0150|77|Ravazin Laminados e Serrados Ltda|1058|05667826000122||254572766|4211751||Rua Talita De Souza, 557 - Area Industr|557||Casa Branca|
|0190|000001|TON|
|0190|000002|PC|
|0190|000003|M3|
|0190|000004|SC|
|0190|000005|KG|
|0190|000006|UN|
|0190|000007|CT|
|0190|000008|M2|
|0190|000009|FDS|
|0190|000010|LT|
|0190|000011|RL|
|0190|000012|MIL|
|0190|000013|MT|
|0190|000014|BR|
|0190|000015|L|
|0190|000016|PR|
|0190|000017|BD|
|0190|000018|SC30|
|0190|000019|ML|
|0190|000020|SAC|
|0190|000021|UA|
|0190|000022|MT3|
|0190|000023|PEC|
|0190|000024|GL|
|0200|101|Toras  De Pinus|||000001|00|44032100||44||0,00||
|0200|015|Lamina Pinus Seca Miolo|||000003|00|44081099||44||17,00||
|0200|301|Farinha De Trigo Pura|||000004|00|11010010||11||12,00|1704400|
|0200|320|Resina Fenolica Cr 7010|||000005|00|39094091||39||17,00||
|0200|1200|Almoço|||000006|00|21069090||21||17,00|0301500|
|0200|241|Empilhadeira Yale|||000006|00|84272090||84||0,00||
|0200|1205|Arruela|||000006|00|73182200||73||17,00||
|0200|1209|Neutralizador|||000005|00|29213011||29||17,00||
|0200|1208|Sequestrante|||000005|00|29280090||29||17,00||
|0200|1207|Dispersante|||000005|00|28151200||28||17,00||
|0200|1210|Faca|||000002|00|72085100||72||17,00||
|0200|1211|Contra Pino|||000007|00|73182900||73||17,00||
|0200|1212|Uniao Forjado Soldavel|||000002|00|73079900||73||17,00||
|0200|235|No Break|||000002|00|85044040||85||12,00|2103800|
|0200|1216|Curva|||000002|00|73071920||73||17,00||
|0200|1215|Correia|||000002|00|40103900||40||17,00||
|0200|1213|Gaxeta|||000002|00|39269090||39||17,00|1301600|
|0200|1214|Filtro|||000002|00|84212100||84||17,00|2109800|
|0200|1220|Detergente De Louca|||000002|00|34022000||34||17,00|1100400|
|0200|1218|Papel Higienico|||000009|00|48181000||48||17,00|2004200|
|0200|1217|Alccol Gel|||000006|00|38089429||38||17,00||
|0200|1221|Pano De Limpeza|||000006|00|63029100||63||17,00||
|0200|1219|Agua Sanitaria|||000002|00|28289011||28||17,00|1100100|
|0200|1223|Detengente Desengraxante|||000006|00|34029039||34||17,00||
|0200|1224|Desincrustante Acido|||000006|00|38249941||38||17,00||
|0200|1222|Desengraxante Gc 25|||000006|00|38249941||38||17,00||
|0200|1225|Fotocondutor|||000002|00|84439933||84||17,00||
|0200|175|Tinta Acrilica|||000010|00|32081010||32||17,00||
|0200|1229|Disjuntor Motor|||000002|00|85362000||85||17,00|0106700|
|0200|1232|Fita Isolante|||000011|00|39191020||39||17,00||
|0200|1230|Chave|||000002|00|85365090||85||17,00||
|0200|1226|Sensor|||000002|00|85437099||85||17,00|0900500|
|0200|1228|Disjuntor|||000002|00|85362000||85||17,00|0106700|
|0200|1231|Prensa|||000002|00|85369090||85||17,00||
|0200|192|Fita Pet 18,50x1.00mm Preta 24 k Rec|||000011|00|39202011||39||17,00||
|0200|157|Cantoneira Plastica 19mm Cx 3000 Un|||000012|00|39239000||39||12,00||
|0200|1234|Corrente|||000013|00|73151210||73||17,00|0111200|
|0200|1261|Terminal Tubular 2,5 Mm|||000002|00|85369090||85||17,00||
|0200|1262|Parafuso Fenda|||000002|00|73181500||73||17,00||
|0200|1263|Bloco Contato|||000002|00|85389090||85||17,00||
|0200|901|Parafuso Liga|||000002|00|73181500||73||17,00||
|0200|1257|Cabo 0,50|||000013|00|85444900||85||17,00||
|0200|1256|Cabo|||000013|00|85444900||85||17,00||
|0200|1255|Corrente p Luminaria|||000013|00|73158200||73||17,00|1005600|
|0200|1254|Eletroduto|||000014|00|39172300||39||17,00||
|0200|1253|Espelho|||000002|00|39174090||39||17,00||
|0200|1252|Rele|||000002|00|85364900||85||17,00||
|0200|1251|Contator|||000002|00|85364900||85||17,00||
|0200|1250|Poste Conector|||000002|00|39269090||39||17,00|1301600|
|0200|1249|Terminal Tubular 0,50|||000002|00|85369090||85||17,00||
|0200|1248|Condulete|||000002|00|39174090||39||17,00||
|0200|1247|Bloco|||000002|00|85389090||85||17,00||
|0200|1246|Fita Dupla Face|||000002|00|35061090||35||17,00||
|0200|1245|Lampada Led|||000002|00|85395000||85||17,00||
|0200|1244|Tampa Sak|||000002|00|39269090||39||17,00|1301600|
|0200|1243|Abracadeira|||000002|00|39269090||39||17,00|1301600|
|0200|1242|Porca Sextavada|||000002|00|73181600||73||17,00||
|0200|1241|Suporte|||000002|00|85389090||85||17,00||
|0200|1240|Abracadeira Plast|||000002|00|39269090||39||17,00|1301600|
|0200|1239|Placa|||000002|00|49119900||49||17,00||
|0200|1238|Bucha Fix|||000002|00|39269090||39||17,00|1301600|
|0200|1237|Terminal|||000002|00|85369090||85||17,00||
|0200|1236|Terminal Tubular|||000002|00|85369090||85||17,00||
|0200|1235|Adaptador|||000002|00|39174090||39||17,00||
|0200|1259|Contator 220v|||000002|00|85364900||85||17,00||
|0200|1260|Botao Duplo|||000002|00|85365090||85||17,00||
|0200|1258|Tomada|||000002|00|85366910||85||17,00||
|0200|017|Lamina Aproveitamento|||000003|00|44041000||44||0,00||
|0200|1206|Diesel|||000015|00|27101921||27||17,00||
|0200|1267|Terminal Macho|||000002|00|73079900||73||17,00||
|0200|1265|Mang Jardim|||000013|00|39173900||39||17,00||
|0200|1203|Mangueira Conectflex|||000013|00|40092110||40||17,00||
|0200|1204|Term e Capa|||000002|00|73071920||73||17,00||
|0200|1266|Adaptador Reto|||000002|00|73079900||73||17,00||
|0200|1268|Capa De Prensagem|||000002|00|73071920||73||17,00||
|0200|1201|Retentor Cubo|||000002|00|40169300||40||17,00|0100700|
|0200|1288|Labirinto|||000002|00|84842000||84||17,00||
|0200|1289|Anel Distanciador|||000002|00|84669200||84||17,00||
|0200|1290|Anel Distanciador Central|||000002|00|84669200||84||17,00||
|0200|1291|Anel Distranciador Tracao|||000002|00|84669200||84||17,00||
|0200|1292|Labirinto Central|||000002|00|84842000||84||17,00||
|0200|1293|Mancal Lateral|||000002|00|84833029||84||17,00||
|0200|1294|Bucha Entalhada|||000002|00|84836019||84||17,00||
|0200|1295|Mancal Central|||000002|00|84833029||84||17,00||
|0200|1296|Rolo De Tracao Central|||000002|00|84669200||84||17,00||
|0200|1287|Tampa Protecao|||000002|00|84842000||84||17,00||
|0200|200|Valvula De Retenção Unica|||000002|00|84669200||84||17,00||
|0200|837|Jogo De Anel De Vedação Inox|||000002|00|73182900||73||17,00||
|0200|846|Rolo Emborrachado Guilhotina 4f|||000006|00|84669200||84||17,00||
|0200|957|Usinagem Mancal Central|||000006|00|84669200||84||17,00||
|0200|954|Rolamento Autcomp Rolos|||000006|00|84821010||84||17,00||
|0200|1307|Correia|||000002|00|84283300||84||17,00||
|0200|1308|Plug 20a|||000002|00|85366990||85||17,00||
|0200|1309|Chaveta|||000002|00|73182400||73||17,00||
|0200|1310|Ventilador|||000002|00|84145190||84||17,00||
|0200|1311|Placa Identificadora|||000006|00|95045000||95||17,00|2107900|
|0200|1312|Parafuso 5x8m|||000002|00|73181900||73||17,00||
|0200|201|Conector Correa|||000002|00|85366990||85||17,00||
|0200|955|Rolamento Autcomp Rolos 22210|||000006|00|84821010||84||17,00||
|0200|1317|Tijolos|||000002|00|69041000||69||17,00||
|0200|943|Tubo Flexivel Ptfe x Revestido Trancado Inox|||000013|00|39173900||39||17,00||
|0200|1316|Conexao Ar|||000006|00|74122000||74||17,00||
|0200|1318|Copo 18o Ml|||000002|00|39241000||39||17,00|1100900|
|0200|1319|Detergente Louca|||000002|00|34022000||34||17,00|1100400|
|0200|1320|Ajax|||000006|00|22029900||22||17,00||
|0200|1321|Escova De Chao|||000006|00|96031000||96||17,00||
|0200|1322|Pulverizador|||000006|00|84248990||84||17,00||
|0200|1323|Esponja De Louca|||000006|00|68053090||68||17,00|1100900|
|0200|1233|Papel Toalha|||000006|00|48182000||48||17,00|2004400|
|0200|1347|Bobina Elétrica|||000002|00|85045000||85||17,00|0109800|
|0200|318|Resina Cascophen Pf 151|||000005|00|39094011||39||17,00||
|0200|1353|Luva Tatil|||000016|00|61161000||61||17,00||
|0200|1352|Luva Pvc|||000016|00|61161000||61||17,00||
|0200|1351|Avental Pvc|||000002|00|62019300||62||17,00||
|0200|1354|Sapato Elastico Bidensidade|||000016|00|64039990||64||17,00||
|0200|1355|Cancela Ac|||000006|00|84798999||84||17,00||
|0200|1275|Cabo Pp|||000013|00|85444900||85||17,00||
|0200|1357|Ração Dog 20kg|||000004|00|23099010||23||17,00||
|0200|1358|Gasolina|||000010|00|27101259||27||17,00|0600200|
|0200|1356|Lubrax Turbo 20lt|||000017|00|27101932||27||17,00||
|0200|1360|Luva Nitrilica|||000016|00|40151900||40||17,00|1301200|
|0200|1359|Protetor Aur Silicone|||000002|00|40159000||40||17,00||
|0200|1362|Man 100 Mm 1/2 Bsp|||000006|00|90262010||90||17,00||
|0200|937|Valv Espera Tp Tr Pr Wcb 1 1/2 Flg #150|||000002|00|84818095||84||17,00||
|0200|1361|Man 300mm 1/2 Bsp|||000006|00|90262010||90||17,00||
|0200|1368|Capa Prensada|||000006|00|73079200||73||17,00||
|0200|1365|Machado|||000006|00|82014000||82||17,00||
|0200|1378|Oleo De Soja|||000006|00|15079011||15||17,00|1706500|
|0200|1372|Farinha Milho 1 Kg|||000006|00|11022000||11||17,00||
|0200|1371|Doce Frutas|||000006|00|20079990||20||17,00||
|0200|1370|Choco Nestle Bombom|||000006|00|18069000||18||17,00|1700400|
|0200|1369|Cafe 500 Gr|||000006|00|09012100||09||17,00||
|0200|1367|Biscoito Waffer|||000006|00|19053200||19||17,00||
|0200|1366|Acucar 5 Kgs|||000006|00|17019900||17||17,00|1709900|
|0200|1373|Farinha Trigo 5 Kg|||000006|00|11010010||11||17,00|1704400|
|0200|1376|Massa Espagueti 500 Gr|||000006|00|19021100||19||17,00||
|0200|1377|Molho Tomate 340gr|||000006|00|21032010||21||17,00|1703400|
|0200|1379|Sal 1 Kg|||000006|00|25010020||25||17,00||
|0200|1375|Arroz 5 Kg|||000006|00|10063011||10||17,00||
|0200|1374|Feijao 1 Kg|||000006|00|07133319||07||17,00||
|0200|1380|Cat p Wash Primer|||000006|00|38151900||38||17,00||
|0200|806|Retentor E96411|||000002|00|84879000||84||17,00||
|0200|1384|Arr Lisa 3/8|||000007|00|73182200||73||17,00||
|0200|1383|Pf Sx Nc|||000007|00|73181500||73||17,00||
|0200|1382|Po Sx|||000007|00|73181600||73||17,00||
|0200|802|Retentor L35032|||000002|00|84879000||84||17,00||
|0200|1387|Lixadeira Roto|||000006|00|84671190||84||17,00||
|0200|202|Valv Cont Temp 1.1/2bsp c By Pass e Acess|||000006|00|84811000||84||17,00|0104600|
|0200|945|T f g Reta Unf Jic 1.2 e 4 Tr|||000002|00|73071920||73||17,00||
|0200|1389|Engate Rapido|||000002|00|84811000||84||17,00|0104600|
|0200|844|Valvula Direc Eletrica Dke 1751 2x24dc|||000002|00|84818092||84||17,00|0104800|
|0200|811|Mga Vet Wcb 300 Pp Tr Bsp 3" Oca|||000002|00|84818095||84||17,00||
|0200|1388|Retentor|||000002|00|40169300||40||17,00|0100700|
|0200|1390|Mistura Cilindro|||000006|00|28042100||28||17,00||
|0200|944|Capa Mang 100r14 Du2891|||000002|00|73071920||73||17,00||
|0200|1391|Gesso Matex Natural|||000018|00|32141010||32||17,00||
|0200|328|Massa Acrilica M-10 Pinus|||000005|00|32141020||32||17,00||
|0200|1392|Biodex|||000006|00|30043210||30||17,00||
|0200|1393|Floxiclin|||000006|00|30049067||30||17,00||
|0200|1397|Glp Em Cilindro P20|||000006|00|27111910||27||17,00|0601100|
|0200|1398|Glp Em Cilindro P45|||000006|00|27111910||27||17,00|0601100|
|0200|1401|Filtro Ap Nvw|||000006|00|84213990||84||17,00|0109500|
|0200|1300|Oleo 15w40|||000006|00|27101932||27||17,00||
|0200|1314|Silicone|||000006|00|39100012||39||17,00||
|0200|1315|Agranel Lt Arla|||000006|00|31021010||31||17,00||
|0200|1313|Aromatizante|||000006|00|33079000||33||17,00|2003200|
|0200|930|Lixa Flap|||000002|00|68053090||68||17,00|1100900|
|0200|1386|Lincoln Eletroldo|||000005|00|83111000||83||17,00||
|0200|918|Disco Desd 180|||000002|00|68042211||68||17,00||
|0200|928|Disco Corte|||000002|00|68042211||68||17,00||
|0200|929|Diso Desb|||000002|00|68042211||68||17,00||
|0200|1350|Pilha Alcalina|||000006|00|85061019||85||17,00||
|0200|1411|Rolo Pintura|||000002|00|96034010||96||17,00||
|0200|1412|Tinta Base|||000006|00|32091010||32||17,00||
|0200|169|Tinta n c Preta p Borda|||000010|00|32091010||32||17,00||
|0200|1348|Pigmento Ml|||000019|00|32064990||32||17,00||
|0200|1326|Graute Microconcreto|||000020|00|38245000||38||17,00|1000200|
|0200|1324|Rolo Anti Respingo|||000006|00|96034010||96||17,00||
|0200|1349|Resistencia Prima|||000006|00|85168010||85||17,00||
|0200|1270|Filtro Combustivel|||000002|00|84212300||84||17,00|0103700|
|0200|1269|Oleo De Freio|||000006|00|38190000||38||17,00||
|0200|1273|Elemento Filtra|||000002|00|84219999||84||17,00||
|0200|1271|Lubrificante Synthetic|||000010|00|84212300||84||17,00|0103700|
|0200|1272|Filtro De Oleo|||000006|00|84212300||84||17,00|0103700|
|0200|1381|Chapa Exp M20x50|||000002|00|72085300||72||17,00||
|0200|1394|Soft Starters|||000002|00|90328911||90||17,00|2107800|
|0200|1385|Biela Interpump|||000006|00|84139190||84||17,00|0103500|
|0200|1364|Esguicho|||000006|00|84248229||84||17,00||
|0200|1363|Dente Corrente 1,6|||000006|00|82024000||82||17,00||
|0200|1297|Elemento|||000021|00|84213100||84||17,00|0104100|
|0200|1264|Motor Partida|||000002|00|85114000||85||17,00||
|0200|904|Carcaça Pneu Usado Para Recapagem|||000006|00|40122000||40||17,00||
|0200|1279|Fonte Chav|||000002|00|85044029||85||17,00||
|0200|1278|Conector Box|||000002|00|76090000||76||17,00|1007000|
|0200|1277|Caixa Plastica|||000002|00|39231090||39||17,00||
|0200|1276|Cabo Pp 5|||000013|00|85444900||85||17,00||
|0200|1274|Arrebite|||000002|00|83082000||83||17,00||
|0200|1286|Trilho Metalico|||000013|00|72166110||72||17,00||
|0200|1285|Terminal Anel 2,5 Mm|||000002|00|85369090||85||17,00||
|0200|1284|Terminal Anel|||000002|00|85369090||85||17,00||
|0200|1283|Rele Tempo|||000002|00|85364900||85||17,00||
|0200|1282|Rele Nivel|||000002|00|85364900||85||17,00||
|0200|1281|Rele|||000002|00|85364100||85||17,00||
|0200|1280|Intercafe|||000002|00|85364100||85||17,00||
|0200|1306|Emenda Reducao|||000002|00|73151900||73||17,00||
|0200|1304|Emenda Asa 100|||000002|00|73151900||73||17,00||
|0200|1302|Emenda Asa 40|||000002|00|73151900||73||17,00||
|0200|1303|Emenda Asa 60|||000002|00|73151900||73||17,00||
|0200|1335|Esguicho|||000002|00|79070090||79||17,00||
|0200|1336|Corante|||000002|00|32041920||32||17,00||
|0200|1337|Thinner|||000002|00|38140090||38||17,00||
|0200|1338|Brita|||000022|00|25171000||25||17,00||
|0200|1339|Parafuso Wc Bucha|||000002|00|73181200||73||17,00||
|0200|1340|Bolsa Espude Lig Wc|||000002|00|39172900||39||17,00||
|0200|1341|Anel Cera Vaso|||000023|00|40069000||40||17,00||
|0200|1342|Cal|||000002|00|13019090||13||17,00||
|0200|1343|Piso Carmelo|||000008|00|69072200||69||17,00||
|0200|1344|Registro Esfera|||000006|00|84819010||84||17,00||
|0200|1333|Ligacao Rep Jardim|||000006|00|85393100||85||17,00||
|0200|1332|Pedra Pedrisco|||000013|00|25169000||25||17,00||
|0200|1345|Armacao Trelicada|||000006|00|73084000||73||17,00|1004800|
|0200|1346|Prego|||000005|00|73170090||73||17,00||
|0200|227|Tubo Esgoto Plastilit 200mm|||000013|00|39172300||39||17,00||
|0200|337|Lixa Cs 538 z Tiras St/150/S/1600x1800|||000002|00|68051000||68||12,00||
|0200|807|Tupy Fg Curva Femea 90 150ºbsp 1.1/2"|||000002|00|73071990||73||17,00||
|0200|1331|Vergalhao Ferro|||000006|00|72142000||72||17,00|1004000|
|0200|1330|Areia|||000022|00|25059000||25||17,00||
|0200|1328|Tinta Industrial|||000024|00|32089010||32||17,00||
|0200|1327|Desempenaderia|||000006|00|39259090||39||17,00||
|0200|845|Conector Retificador Sp 669|||000002|00|85369090||85||17,00||
|0200|1334|Guarda Chuva|||000006|00|66019110||66||17,00||
|0200|919|Trena 5 Mx16mm|||000002|00|90178010||90||17,00||
|0200|1329|Cimento|||000004|00|25232910||25||17,00||
|0200|1325|Pincel|||000002|00|96034090||96||17,00||
|0200|001|Lamina Pinus Seca T1|||000003|00|44081099||44||0,00||
|0200|002|Lamina Pinus|||000003|00|44081099||44||0,00||
|0200|105|Toras De Eucalipto|||000001|00|44032100||44||17,00||
|0400|1101|Compra Mat. Prima Para Industrialização|
|0400|2101|Compra Mat. Prima Para Industrialização|
|0400|1556|Compra De Material P/ Unso Ou Consumo|
|0400|2551|Compra De Bem P/Ativo Imobilizado|
|0400|2556|Compra De Material P/ Uso Ou Consumo|
|0400|1201|Devolução De Venda|
|0460|000001|DOCUMENTO EMITIDO POR ME OU EPP OPTANTE PELO SIMPLES NACIONAL. PERMITE APROVEITAMENTO DE CREDITO DE ICMS|
|0990|351|
|B001|1|
|B990|2|
|C001|0|
|C100|1|0|7|55|00|1|000008567|42210804586156000238550010000085671000000262|02082021|02082021|718,17|1|0,00|0,00|718,17|0|0,00|0,00|0,00|0,00|0,00|0,00|0,00|0,00|||||
|C190|051|5101|0,00|718,17|0,00|0,00|0,00|0,00|0,00|0,00||
|C100|0|0|8|55|00|1|000008568|42210804586156000238550010000085681000009836|02082021|02082021|16000,00|1|0,00|0,00|16000,00|0|0,00|0,00|0,00|0,00|0,00|0,00|0,00|0,00|||||
|C190|051|1101|0,00|16000,00|0,00|0,00|0,00|0,00|0,00|0,00||
|C100|0|1|9|55|00|6|000002862|42210884953969000105550060000028621000036271|02082021|02082021|7980,00|1|0,00|0,00|7980,00|1|0,00|0,00|0,00|0,00|0,00|0,00|0,00|0,00|||||
|C170|001|101||38,00000|000001|7980,00|0,00|0|051|1101|1101|0,00|0,00|0,00|0,00|0,00|0,00|0|01||7980,00|0,00|0,00|54||||||54||||||||
|C190|051|1101|0,00|7980,00|0,00|0,00|0,00|0,00|0,00|0,00||
|C100|1|0|10|55|00|1|000008569|42210804586156000238550010000085691000008519|03082021|03082021|93007,51|1|0,00|0,00|88578,58|0|0,00|0,00|0,00|88578,58|10629,43|0,00|0,00|4428,93|||||
|C190|000|6101|12,00|93007,51|88578,58|10629,43|0,00|0,00|0,00|4428,93||
|C100|1|0|10|55|00|1|000008571|42210804586156000238550010000085711000008517|03082021|03082021|44495,94|2|0,00|0,00|44495,94|1|0,00|0,00|0,00|0,00|0,00|0,00|0,00|0,00|||||
|C190|000|6924|0,00|44495,94|0,00|0,00|0,00|0,00|0,00|0,00||
|C100|1|0|11|55|00|1|000008570|42210804586156000238550010000085701000009150|03082021|03082021|46720,74|1|0,00|0,00|44495,94|1|0,00|0,00|0,00|44495,94|5339,51|0,00|0,00|2224,80|||||
|C190|000|6122|12,00|46720,74|44495,94|5339,51|0,00|0,00|0,00|2224,80||
|C100|0|1|12|55|00|1|000011300|42210817515951000104550010000113001106551123|03082021|03082021|73294,20|1|0,00|0,00|69804,00|0|0,00|0,00|0,00|0,00|0,00|0,00|0,00|3490,20|||||
|C170|001|015||58,17000|000003|69804,00|0,00|0|051|1101|1101|0,00|0,00|0,00|0,00|0,00|0,00|0|00||69804,00|5,00|3490,20|54||||||54||||||||
|C190|051|1101|0,00|73294,20|0,00|0,00|0,00|0,00|0,00|3490,20||
|C100|0|1|13|55|00|1|000002605|42210814211243000183550010000026051361226489|02082021|02082021|5600,00|1|0,00|0,00|5600,00|1|0,00|0,00|0,00|0,00|0,00|0,00|0,00|0,00|||||
|C170|001|101||35,00000|000001|5600,00|0,00|0|051|1101|1101|0,00|0,00|0,00|0,00|0,00|0,00|0|01||5600,00|0,00|0,00|54||||||54||||||||
|C190|051|1101|0,00|5600,00|0,00|0,00|0,00|0,00|0,00|0,00||
|C100|0|1|9|55|00|6|000002872|42210884933969000105550060000028721000036375|03082021|03082021|5764,00|1|0,00|0,00|5764,00|0|0,00|0,00|0,00|0,00|0,00|0,00|0,00|0,00|||||
|C170|001|101||28,82000|000001|5764,00|0,00|0|051|1101|1101|0,00|0,00|0,00|0,00|0,00|0,00|0|01||5764,00|0,00|0,00|54||||||54||||||||
|C190|051|1101|0,00|5764,00|0,00|0,00|0,00|0,00|0,00|0,00||
|C100|1|0|14|55|00|1|000008572|42210804586156000238550010000085721000009677|04082021|04082021|119040,27|1|0,00|0,00|119040,27|0|0,00|0,00|0,00|0,00|0,00|0,00|0,00|0,00|||||
|C190|041|7101|0,00|119040,27|0,00|0,00|0,00|0,00|0,00|0,00||
|C100|1|0|14|55|00|1|000008574|42210804586156000238550010000085741000009671|04082021|04082021|119040,27|1|0,00|0,00|119040,27|0|0,00|0,00|0,00|0,00|0,00|0,00|0,00|0,00|||||
|C190|041|7101|0,00|119040,27|0,00|0,00|0,00|0,00|0,00|0,00||
|C100|1|0|14|55|00|1|000008573|42210804586156000238550010000085731000009674|04082021|04082021|117223,25|1|0,00|0,00|117223,25|0|0,00|0,00|0,00|0,00|0,00|0,00|0,00|0,00|||||
|C190|041|7101|0,00|117223,25|0,00|0,00|0,00|0,00|0,00|0,00||
|C100|0|1|13|55|00|1|000002623|42210814211243000183550010000026231385074121|03082021|04082021|5600,00|1|0,00|0,00|5600,00|1|0,00|0,00|0,00|0,00|0,00|0,00|0,00|0,00|||||
|C170|001|101||35,00000|000001|5600,00|0,00|0|051|1101|1101|0,00|0,00|0,00|0,00|0,00|0,00|0|01||5600,00|0,00|0,00|54||||||54||||||||
|C190|051|1101|0,00|5600,00|0,00|0,00|0,00|0,00|0,00|0,00||
|C100|0|1|13|55|00|1|000002609|42210814211243000183550010000026091173965236|02082021|03082021|5600,00|1|0,00|0,00|5600,00|1|0,00|0,00|0,00|0,00|0,00|0,00|0,00|0,00|||||
|C170|001|101||35,00000|000001|5600,00|0,00|0|051|1101|1101|0,00|0,00|0,00|0,00|0,00|0,00|0|01||5600,00|0,00|0,00|54||||||54||||||||
|C190|051|1101|0,00|5600,00|0,00|0,00|0,00|0,00|0,00|0,00||
|C100|0|1|9|55|00|6|000002874|42210884933969000105550060000028741000036396|03082021|03082021|7980,00|1|0,00|0,00|7980,00|1|0,00|0,00|0,00|0,00|0,00|0,00|0,00|0,00|||||
|C170|001|101||38,00000|000001|7980,00|0,00|0|051|1101|1101|0,00|0,00|0,00|0,00|0,00|0,00|0|01||7980,00|0,00|0,00|54||||||54||||||||
|C190|051|1101|0,00|7980,00|0,00|0,00|0,00|0,00|0,00|0,00||
|C100|0|1|9|55|00|6|000002864|42210884933969000105550060000028641000036292|03082021|03082021|7980,00|1|0,00|0,00|7980,00|1|0,00|0,00|0,00|0,00|0,00|0,00|0,00|0,00|||||
|C170|001|101||38,00000|000001|7980,00|0,00|0|051|1101|1101|0,00|0,00|0,00|0,00|0,00|0,00|0|01||7980,00|0,00|0,00|54||||||54||||||||
|C190|051|1101|0,00|7980,00|0,00|0,00|0,00|0,00|0,00|0,00||
|C100|1|0|14|55|00|1|000008575|42210804586156000238550010000085751000009679|04082021|04082021|119040,27|1|0,00|0,00|119040,27|0|0,00|0,00|0,00|0,00|0,00|0,00|0,00|0,00|||||
|C190|041|7101|0,00|119040,27|0,00|0,00|0,00|0,00|0,00|0,00||
|C100|0|1|15|55|00|1|000355064|42210884584515000176550010003550641036516283|02082021|02082021|11440,00|1|0,00|0,00|11440,00|0|0,00|0,00|0,00|11440,00|1372,80|0,00|0,00|0,00|||||
|C170|001|301||110,00000|000004|11440,00|0,00|0|000|1101|1101|11440,00|12,00|1372,80|0,00|0,00|0,00|0|01||11440,00|0,00|0,00|54||||||54||||||||
|C190|000|1101|12,00|11440,00|11440,00|1372,80|0,00|0,00|0,00|0,00||
|C100|0|0|8|55|00|1|000008576|42210804586156000238550010000085761000009838|05082021|05082021|16000,00|1|0,00|0,00|16000,00|0|0,00|0,00|0,00|0,00|0,00|0,00|0,00|0,00|||||
|C190|051|1101|0,00|16000,00|0,00|0,00|0,00|0,00|0,00|0,00||
|C100|0|0|8|55|00|1|000008577|42210804586156000238550010000085771000009835|05082021|05082021|16000,00|1|0,00|0,00|16000,00|0|0,00|0,00|0,00|0,00|0,00|0,00|0,00|0,00|||||
|C190|051|1101|0,00|16000,00|0,00|0,00|0,00|0,00|0,00|0,00||
|C100|0|1|9|55|00|6|000002878|42210884933969000105550060000028781000036433|04082021|04082021|7980,00|1|0,00|0,00|7980,00|1|0,00|0,00|0,00|0,00|0,00|0,00|0,00|0,00|||||
|C170|001|101||38,00000|000001|7980,00|0,00|0|051|1101|1101|0,00|0,00|0,00|0,00|0,00|0,00|0|01||7980,00|0,00|0,00|54||||||54||||||||
|C190|051|1101|0,00|7980,00|0,00|0,00|0,00|0,00|0,00|0,00||
|C100|1|0|16|55|00|1|000008578|42210804586156000238550010000085781000009450|05082021|05082021|9576,00|1|0,00|0,00|9120,00|1|0,00|0,00|0,00|0,00|0,00|0,00|0,00|456,00|||||
|C190|051|5101|0,00|9576,00|0,00|0,00|0,00|0,00|0,00|456,00||
|C100|0|1|13|55|00|1|000002641|42210814211243000183550010000026411146066290|05082021|05082021|20492,80|1|0,00|0,00|20492,80|0|0,00|0,00|0,00|0,00|0,00|0,00|0,00|0,00|||||
|C170|001|101||128,08000|000001|20492,80|0,00|0|051|1101|1101|0,00|0,00|0,00|0,00|0,00|0,00|0|01||20492,80|0,00|0,00|54||||||54||||||||
|C190|051|1101|0,00|20492,80|0,00|0,00|0,00|0,00|0,00|0,00||
|C100|0|1|9|55|00|6|000002883|4221088493396900010555006000002831000036484|05082021|05082021|7980,00|1|0,00|0,00|7980,00|1|0,00|0,00|0,00|0,00|0,00|0,00|0,00|0,00|||||
|C170|001|101||38,00000|000001|7980,00|0,00|0|051|1101|1101|0,00|0,00|0,00|0,00|0,00|0,00|0|01||7980,00|0,00|0,00|54||||||54||||||||
|C190|051|1101|0,00|7980,00|0,00|0,00|0,00|0,00|0,00|0,00||
|C100|0|1|13|55|00|1|000002610|42210814211243000183550010000026101351348425|02082021|03082021|5600,00|1|0,00|0,00|5600,00|1|0,00|0,00|0,00|0,00|0,00|0,00|0,00|0,00|||||
|C170|001|101||35,00000|000001|5600,00|0,00|0|051|1101|1101|0,00|0,00|0,00|0,00|0,00|0,00|0|01||5600,00|0,00|0,00|54||||||54||||||||
|C190|051|1101|0,00|5600,00|0,00|0,00|0,00|0,00|0,00|0,00||
|C100|0|0||55|02|1|000008579|42210804586156000238550010000085791000009236|||||||||||||||||||||
|C100|0|0|17|55|00|1|000008580|42210804586156000238550010000085801000009237|06082021|06082021|7939,80|1|0,00|0,00|7939,80|0|0,00|0,00|0,00|0,00|0,00|0,00|0,00|0,00|||||
|C190|051|1101|0,00|7939,80|0,00|0,00|0,00|0,00|0,00|0,00||
|C100|1|0|7|55|00|1|000008581|42210804586156000238550010000085811000000261|09082021|09082021|943,50|1|0,00|0,00|943,50|0|0,00|0,00|0,00|0,00|0,00|0,00|0,00|0,00|||||
|C190|051|5101|0,00|943,50|0,00|0,00|0,00|0,00|0,00|0,00||
|C100|0|0|8|55|00|1|000008582|42210804586156000238550010000085821000009835|09082021|09082021|16000,00|1|0,00|0,00|16000,00|0|0,00|0,00|0,00|0,00|0,00|0,00|0,00|0,00|||||
|C190|051|1101|0,00|16000,00|0,00|0,00|0,00|0,00|0,00|0,00||
|C100|0|0|8|55|00|1|000008583|42210804586156000238550010000085831000009832|09082021|09082021|16000,00|1|0,00|0,00|16000,00|0|0,00|0,00|0,00|0,00|0,00|0,00|0,00|0,00|||||
|C190|051|1101|0,00|16000,00|0,00|0,00|0,00|0,00|0,00|0,00||
|C100|0|1|9|55|00|6|000002890|42210884933969000105550060000028901000036551|06082021|06082021|7980,00|1|0,00|0,00|7980,00|1|0,00|0,00|0,00|0,00|0,00|0,00|0,00|0,00|||||
|C170|001|101||38,00000|000001|7980,00|0,00|0|051|1101|1101|0,00|0,00|0,00|0,00|0,00|0,00|0|01||7980,00|0,00|0,00|54||||||54||||||||
|C190|051|1101|0,00|7980,00|0,00|0,00|0,00|0,00|0,00|0,00||
|C100|0|1|13|55|00|1|000002662|42210814211243000183550010000026621056336450|06082021|06082021|5600,00|1|0,00|0,00|5600,00|1|0,00|0,00|0,00|0,00|0,00|0,00|0,00|0,00|||||
|C170|001|101||35,00000|000001|5600,00|0,00|0|051|1101|1101|0,00|0,00|0,00|0,00|0,00|0,00|0|01||5600,00|0,00|0,00|54||||||54||||||||
|C190|051|1101|0,00|5600,00|0,00|0,00|0,00|0,00|0,00|0,00||
|C100|0|1|13|55|00|1|000002655|42210814211243000183550010000026551620181267|06082021|06082021|5600,00|1|0,00|0,00|5600,00|1|0,00|0,00|0,00|0,00|0,00|0,00|0,00|0,00|||||
|C170|001|101||35,00000|000001|5600,00|0,00|0|051|1101|1101|0,00|0,00|0,00|0,00|0,00|0,00|0|01||5600,00|0,00|0,00|54||||||54||||||||
|C190|051|1101|0,00|5600,00|0,00|0,00|0,00|0,00|0,00|0,00||
|C100|0|1|13|55|00|1|000002656|42210814211243000183550010000026561468955800|06082021|06082021|5600,00|1|0,00|0,00|5600,00|1|0,00|0,00|0,00|0,00|0,00|0,00|0,00|0,00|||||
|C170|001|101||35,00000|000001|5600,00|0,00|0|051|1101|1101|0,00|0,00|0,00|0,00|0,00|0,00|0|01||5600,00|0,00|0,00|54||||||54||||||||
|C190|051|1101|0,00|5600,00|0,00|0,00|0,00|0,00|0,00|0,00||
|C100|0|1|13|55|00|1|000002660|42210814211243000183550010000026601940707979|06082021|07082021|5600,00|1|0,00|0,00|5600,00|1|0,00|0,00|0,00|0,00|0,00|0,00|0,00|0,00|||||
|C170|001|101||35,00000|000001|5600,00|0,00|0|051|1101|1101|0,00|0,00|0,00|0,00|0,00|0,00|0|01||5600,00|0,00|0,00|54||||||54||||||||
|C190|051|1101|0,00|5600,00|0,00|0,00|0,00|0,00|0,00|0,00||
|C100|0|1|13|55|00|1|000002663|42210814211243000183550010000026631025028093|06082021|07082021|5600,00|1|0,00|0,00|5600,00|1|0,00|0,00|0,00|0,00|0,00|0,00|0,00|0,00|||||
|C170|001|101||35,00000|000001|5600,00|0,00|0|051|1101|1101|0,00|0,00|0,00|0,00|0,00|0,00|0|01||5600,00|0,00|0,00|54||||||54||||||||
|C190|051|1101|0,00|5600,00|0,00|0,00|0,00|0,00|0,00|0,00||
|C100|0|1|13|55|00|1|000002661|42210814211243000183550010000026611522552764|06082021|07082021|5600,00|1|0,00|0,00|5600,00|1|0,00|0,00|0,00|0,00|0,00|0,00|0,00|0,00|||||
|C170|001|101||35,00000|000001|5600,00|0,00|0|051|1101|1101|0,00|0,00|0,00|0,00|0,00|0,00|0|01||5600,00|0,00|0,00|54||||||54||||||||
|C190|051|1101|0,00|5600,00|0,00|0,00|0,00|0,00|0,00|0,00||
|C100|0|0|8|55|00|1|000008584|42210804586156000238550010000085841000009830|10082021|10082021|16000,00|1|0,00|0,00|16000,00|0|0,00|0,00|0,00|0,00|0,00|0,00|0,00|0,00|||||
|C190|051|1101|0,00|16000,00|0,00|0,00|0,00|0,00|0,00|0,00||
|C100|0|0|8|55|00|1|000008585|42210804586156000238550010000085851000009837|10082021|10082021|16000,00|1|0,00|0,00|16000,00|0|0,00|0,00|0,00|0,00|0,00|0,00|0,00|0,00|||||
|C190|051|1101|0,00|16000,00|0,00|0,00|0,00|0,00|0,00|0,00||
|C100|0|0|8|55|00|1|000008586|42210804586156000238550010000085861000009834|10082021|10082021|16000,00|1|0,00|0,00|16000,00|0|0,00|0,00|0,00|0,00|0,00|0,00|0,00|0,00|||||
|C190|051|1101|0,00|16000,00|0,00|0,00|0,00|0,00|0,00|0,00||
|C100|0|1|13|55|00|1|000002688|42210814211243000183550010000026881545427978|09082021|10082021|5600,00|1|0,00|0,00|5600,00|0|0,00|0,00|0,00|0,00|0,00|0,00|0,00|0,00|||||
|C170|001|101||35,00000|000001|5600,00|0,00|0|051|1101|1101|0,00|0,00|0,00|0,00|0,00|0,00|0|01||5600,00|0,00|0,00|54||||||54||||||||
|C190|051|1101|0,00|5600,00|0,00|0,00|0,00|0,00|0,00|0,00||
|C100|0|0|8|55|00|1|000008587|42210804586156000238550010000085871000009831|10082021|10082021|16000,00|1|0,00|0,00|16000,00|0|0,00|0,00|0,00|0,00|0,00|0,00|0,00|0,00|||||
|C190|051|1101|0,00|16000,00|0,00|0,00|0,00|0,00|0,00|0,00||
|C100|1|0|18|55|00|1|000008588|42210804586156000238550010000085881000009847|11082021|11082021|1924,00|1|0,00|0,00|1924,00|0|0,00|0,00|0,00|1924,00|230,88|0,00|0,00|0,00|||||
|C190|000|6101|12,00|1924,00|1924,00|230,88|0,00|0,00|0,00|0,00||
|C100|0|1|13|55|00|1|000002693|42210814211243000183550010000026931800911256|10082021|10082021|5600,00|1|0,00|0,00|5600,00|0|0,00|0,00|0,00|0,00|0,00|0,00|0,00|0,00|||||
|C170|001|101||35,00000|000001|5600,00|0,00|0|051|1101|1101|0,00|0,00|0,00|0,00|0,00|0,00|0|01||5600,00|0,00|0,00|54||||||54||||||||
|C190|051|1101|0,00|5600,00|0,00|0,00|0,00|0,00|0,00|0,00||
|C100|0|1|9|55|00|6|000002908|42210884933969000105550060000029081000036760|10082021|10082021|7980,00|1|0,00|0,00|7980,00|1|0,00|0,00|0,00|0,00|0,00|0,00|0,00|0,00|||||
|C170|001|101||38,00000|000001|7980,00|0,00|0|051|1101|1101|0,00|0,00|0,00|0,00|0,00|0,00|0|01||7980,00|0,00|0,00|54||||||54||||||||
|C190|051|1101|0,00|7980,00|0,00|0,00|0,00|0,00|0,00|0,00||
|C100|0|1|19|55|00|1|000024675|41210844246528000544550010000246751552870389|11082021|11082021|64638,00|1|0,00|0,00|61560,00|0|0,00|0,00|0,00|61560,00|7387,20|0,00|0,00|3078,00|||||
|C170|001|320||12960,00000|000005|61560,00|0,00|0|000|2101|2101|61560,00|12,00|7387,20|0,00|0,00|0,00|0|00||61560,00|5,00|3078,00|54||||||54||||||||
|C190|000|2101|12,00|64638,00|61560,00|7387,20|0,00|0,00|0,00|3078,00||
|C100|1|0||55|04|1|000008589|42210804586156000238550010000085891000006446|||||||||||||||||||||
|C100|1|0|20|55|00|1|000008590|42210804586156000238550010000085901000006447|13082021|13082021|108576,51|1|0,00|0,00|108576,51|0|0,00|0,00|0,00|0,00|0,00|0,00|0,00|0,00|||||
|C190|041|7101|0,00|108576,51|0,00|0,00|0,00|0,00|0,00|0,00||
|C100|0|1|21|55|00|1|000004235|42210893359032000754550010000042351005063522|13082021|13082021|8020,94|1|0,00|0,00|8020,94|0|0,00|0,00|0,00|0,00|0,00|0,00|0,00|0,00|||||
|C170|001|1200||527,00000|000006|8020,94|0,00|0|090|1556|1556|0,00|0,00|0,00|0,00|0,00|0,00|0|01||8020,94|0,00|0,00|99||||||99||||||||
|C190|090|1556|0,00|8020,94|0,00|0,00|0,00|0,00|0,00|0,00||
|C100|0|1|22|55|00|1|000156345|41210783675413000446550010001563451033750047|30072021|12082021|145300,00|1|0,00|0,00|145300,00|0|0,00|0,00|0,00|0,00|0,00|0,00|0,00|0,00|||||
|C170|001|241||1,00000|000006|145300,00|0,00|0|090|2551|2551|0,00|0,00|0,00|0,00|0,00|0,00|0|01||145300,00|0,00|0,00|54||||||54||||||||
|C190|090|2551|0,00|145300,00|0,00|0,00|0,00|0,00|0,00|0,00||
|C100|0|0|8|55|00|1|000008591|42210804586156000238550010000085911000009834|13082021|13082021|16000,00|1|0,00|0,00|16000,00|0|0,00|0,00|0,00|0,00|0,00|0,00|0,00|0,00|||||
|C190|051|1101|0,00|16000,00|0,00|0,00|0,00|0,00|0,00|0,00||
|C100|1|0|7|55|00|1|000008592|42210804586156000238550010000085921000000265|16082021|16082021|1498,50|1|0,00|0,00|1498,50|0|0,00|0,00|0,00|0,00|0,00|0,00|0,00|0,00|||||
|C190|051|5101|0,00|1498,50|0,00|0,00|0,00|0,00|0,00|0,00||
|C100|0|0|8|55|00|1|000008593|42210804586156000238550010000085931000009839|16082021|16082021|16000,00|1|0,00|0,00|16000,00|0|0,00|0,00|0,00|0,00|0,00|0,00|0,00|0,00|||||
|C190|051|1101|0,00|16000,00|0,00|0,00|0,00|0,00|0,00|0,00||
|C100|0|0|8|55|00|1|000008594|42210804586156000238550010000085941000009836|16082021|16082021|16000,00|1|0,00|0,00|16000,00|0|0,00|0,00|0,00|0,00|0,00|0,00|0,00|0,00|||||
|C190|051|1101|0,00|16000,00|0,00|0,00|0,00|0,00|0,00|0,00||
|C100|0|0|8|55|00|1|000008595|42210804586156000238550010000085951000009833|16082021|16082021|16000,00|1|0,00|0,00|16000,00|0|0,00|0,00|0,00|0,00|0,00|0,00|0,00|0,00|||||
|C190|051|1101|0,00|16000,00|0,00|0,00|0,00|0,00|0,00|0,00||
|C100|0|1|23|55|00|1|000087025|42210885193902000144550010000870251130482646|10082021|10082021|11,97|1|4,83|0,00|16,80|0|0,00|0,00|0,00|0,00|0,00|0,00|0,00|0,00|||||
|C170|001|1205||70,00000|000006|16,80|4,83|0|090|1556|1556|0,00|0,00|0,00|0,00|0,00|0,00|0|01||16,80|0,00|0,00|99||||||99||||||||
|C190|090|1556|0,00|11,97|0,00|0,00|0,00|0,00|0,00|0,00||
|C100|0|1|24|55|00|1|000015771|41210811247117000190550010000157711871061069|06082021|06082021|1437,00|1|0,00|0,00|1437,00|0|0,00|0,00|0,00|0,00|0,00|0,00|0,00|0,00|||||
|C170|001|1209||25,00000|000005|271,50|0,00|0|090|2556|2556|0,00|0,00|0,00|0,00|0,00|0,00|0|01||271,50|0,00|0,00|99||||||99||||||||
|C170|002|1208||25,00000|000005|425,00|0,00|0|090|2556|2556|0,00|0,00|0,00|0,00|0,00|0,00|0|01||425,00|0,00|0,00|99||||||99||||||||
|C170|003|1207||50,00000|000005|740,50|0,00|0|090|2556|2556|0,00|0,00|0,00|0,00|0,00|0,00|0|01||740,50|0,00|0,00|99||||||99||||||||
|C190|090|2556|0,00|1437,00|0,00|0,00|0,00|0,00|0,00|0,00||
|C195|000001|2,76% CREDITO ICMS|
|C197|SC10000034|DOCUMENTO EMITIDO POR ME OU EPP OPTANTE PELO SIMPLES NACIONAL. PERMITE APROVEITAMENTO DE CREDITO DE ICMS  ART.23 LC 123/2006|1209|271,50|2,76|7,49|0,00|
|C197|SC10000034|DOCUMENTO EMITIDO POR ME OU EPP OPTANTE PELO SIMPLES NACIONAL. PERMITE APROVEITAMENTO DE CREDITO DE ICMS  ART.23 LC 123/2006|1208|425,00|2,76|11,73|0,00|
|C197|SC10000034|DOCUMENTO EMITIDO POR ME OU EPP OPTANTE PELO SIMPLES NACIONAL. PERMITE APROVEITAMENTO DE CREDITO DE ICMS  ART.23 LC 123/2006|1207|740,50|2,76|20,44|0,00|
|C100|0|1|25|55|00|1|000004871|42210828395992000112550010000048711680777140|03082021|03082021|1350,14|1|0,00|0,00|1300,00|0|0,00|0,00|0,00|0,00|0,00|0,00|0,00|0,00|||||
|C170|001|1210||4,00000|000002|1300,00|0,00|0|090|1101|1101|0,00|0,00|0,00|0,00|0,00|0,00|0|01||1300,00|0,00|0,00|99||||||99||||||||
|C190|090|1101|0,00|1300,00|0,00|0,00|0,00|0,00|0,00|0,00||
|C100|0|1|26|55|00|1|000060906|42210880082860000150550010000609061153428714|02082021|02082021|11,96|1|0,00|0,00|11,96|0|0,00|0,00|0,00|0,00|0,00|0,00|0,00|0,00|||||
|C170|001|1211||0,20000|000007|11,96|0,00|0|090|1556|1556|0,00|0,00|0,00|0,00|0,00|0,00|0|01||11,96|0,00|0,00|99||||||99||||||||
|C190|090|1556|0,00|11,96|0,00|0,00|0,00|0,00|0,00|0,00||
|C100|0|1|27|55|00|1|000072109|42210802361304000100550010000721091810017081|04082021|04082021|351,20|1|0,00|0,00|351,20|0|0,00|0,00|0,00|0,00|0,00|0,00|0,00|0,00|||||
|C170|001|1212||2,00000|000002|351,20|0,00|0|090|1556|1556|0,00|0,00|0,00|0,00|0,00|0,00|0|01||351,20|0,00|0,00|99||||||99||||||||
|C190|090|1556|0,00|351,20|0,00|0,00|0,00|0,00|0,00|0,00||
|C100|1|0|11|55|00|1|000008596|42210804586156000238550010000085961000009156|16082021|16082021|134063,41|1|0,00|0,00|127679,44|0|0,00|0,00|0,00|127679,44|15321,53|0,00|0,00|6383,97|||||
|C190|000|6122|12,00|134063,41|127679,44|15321,53|0,00|0,00|0,00|6383,97||
|C100|1|0|10|55|00|1|000008597|42210804586156000238550010000085971000008513|16082021|16082021|127679,44|2|0,00|0,00|127679,44|0|0,00|0,00|0,00|0,00|0,00|0,00|0,00|0,00|||||
|C190|000|6924|0,00|127679,44|0,00|0,00|0,00|0,00|0,00|0,00||
|C100|0|1|28|55|00|1|000007810|42210808957686000115550010000078101901026696|03082021|03082021|1439,00|1|44,99|0,00|1483,99|0|0,00|0,00|0,00|0,00|0,00|0,00|0,00|0,00|||||
|C170|001|235||1,00000|000002|1483,99|44,99|0|090|1556|1556|0,00|0,00|0,00|0,00|0,00|0,00|0|01||1483,99|0,00|0,00|99||||||99||||||||
|C190|090|1556|0,00|1439,00|0,00|0,00|0,00|0,00|0,00|0,00||
|C195|000001|4,05% CREDITO ICMS|
|C197|SC10000034|DOCUMENTO EMITIDO POR ME OU EPP OPTANTE PELO SIMPLES NACIONAL. PERMITE APROVEITAMENTO DE CREDITO DE ICMS  ART.23 LC 123/2006|235|1483,99|4,05|60,10|0,00|
|C100|0|1|27|55|00|1|000072055|42210802361304000100550010000720551400005005|03082021|03082021|593,00|1|0,00|0,00|593,00|0|0,00|0,00|0,00|0,00|0,00|0,00|0,00|0,00|||||
|C170|001|1216||2,00000|000002|35,60|0,00|0|090|1556|1556|0,00|0,00|0,00|0,00|0,00|0,00|0|01||35,60|0,00|0,00|99||||||99||||||||
|C170|002|1215||1,00000|000002|12,80|0,00|0|090|1556|1556|0,00|0,00|0,00|0,00|0,00|0,00|0|01||12,80|0,00|0,00|99||||||99||||||||
|C170|003|1213||4,00000|000002|24,80|0,00|0|090|1556|1556|0,00|0,00|0,00|0,00|0,00|0,00|0|01||24,80|0,00|0,00|99||||||99||||||||
|C170|004|1214||2,00000|000002|519,80|0,00|0|090|1556|1556|0,00|0,00|0,00|0,00|0,00|0,00|0|01||519,80|0,00|0,00|99||||||99||||||||
|C190|090|1556|0,00|593,00|0,00|0,00|0,00|0,00|0,00|0,00||
|C100|0|1|29|55|00|1|000055854|42210881002990000107550010000558541243931407|02082021|02082021|229,40|1|0,00|0,00|229,40|0|0,00|0,00|0,00|0,00|0,00|0,00|0,00|0,00|||||
|C170|001|1220||8,00000|000002|16,00|0,00|0|090|1556|1556|0,00|0,00|0,00|0,00|0,00|0,00|0|01||16,00|0,00|0,00|99||||||99||||||||
|C170|002|1218||3,00000|000009|96,00|0,00|0|090|1556|1556|0,00|0,00|0,00|0,00|0,00|0,00|0|01||96,00|0,00|0,00|99||||||99||||||||
|C170|003|1217||3,00000|000006|45,00|0,00|0|090|1556|1556|0,00|0,00|0,00|0,00|0,00|0,00|0|01||45,00|0,00|0,00|99||||||99||||||||
|C170|004|1221||8,00000|000006|50,40|0,00|0|090|1556|1556|0,00|0,00|0,00|0,00|0,00|0,00|0|01||50,40|0,00|0,00|99||||||99||||||||
|C170|005|1219||2,00000|000002|22,00|0,00|0|090|1556|1556|0,00|0,00|0,00|0,00|0,00|0,00|0|01||22,00|0,00|0,00|99||||||99||||||||
|C190|090|1556|0,00|229,40|0,00|0,00|0,00|0,00|0,00|0,00||
|C100|0|1|29|55|00|1|000055951|42210881002990000107550010000559511533424005|05082021|05082021|274,00|1|0,00|0,00|274,00|0|0,00|0,00|0,00|0,00|0,00|0,00|0,00|0,00|||||
|C170|001|1223||1,00000|000006|95,00|0,00|0|090|1556|1556|0,00|0,00|0,00|0,00|0,00|0,00|0|01||95,00|0,00|0,00|54||||||54||||||||
|C170|002|1224||2,00000|000006|104,00|0,00|0|090|1556|1556|0,00|0,00|0,00|0,00|0,00|0,00|0|01||104,00|0,00|0,00|99||||||99||||||||
|C170|003|1222||1,00000|000006|75,00|0,00|0|090|1556|1556|0,00|0,00|0,00|0,00|0,00|0,00|0|01||75,00|0,00|0,00|99||||||99||||||||
|C190|090|1556|0,00|274,00|0,00|0,00|0,00|0,00|0,00|0,00||
|C100|0|1|30|55|00|1|000029755|42210806040884000194550010000297551049001123|04082021|04082021|100,00|1|0,00|0,00|100,00|0|0,00|0,00|0,00|0,00|0,00|0,00|0,00|0,00|||||
|C170|001|1225||1,00000|000002|100,00|0,00|0|090|1556|1556|0,00|0,00|0,00|0,00|0,00|0,00|0|01||100,00|0,00|0,00|99||||||99||||||||
|C190|090|1556|0,00|100,00|0,00|0,00|0,00|0,00|0,00|0,00||
|C100|0|1|31|55|00|1|000000373|42210832618868000146550010000003731436032905|10082021|10082021|2350,00|1|0,00|0,00|2350,00|0|0,00|0,00|0,00|0,00|0,00|0,00|0,00|0,00|||||
|C170|001|175||10,00000|000010|2350,00|0,00|0|090|1101|1101|0,00|0,00|0,00|0,00|0,00|0,00|0|01||2350,00|0,00|0,00|54||||||54||||||||
|C190|090|1101|0,00|2350,00|0,00|0,00|0,00|0,00|0,00|0,00||
|C100|1|0|7|55|00|1|000008598|42210804586156000238550010000085981000000269|16082021|16082021|1204,91|1|0,00|0,00|1204,91|0|0,00|0,00|0,00|0,00|0,00|0,00|0,00|0,00|||||
|C190|051|5101|0,00|1204,91|0,00|0,00|0,00|0,00|0,00|0,00||
|C100|0|1|13|55|00|1|000002728|42210814211243000183550010000027281876502559|13082021|13082021|5600,00|1|0,00|0,00|5600,00|0|0,00|0,00|0,00|0,00|0,00|0,00|0,00|0,00|||||
|C170|001|101||35,00000|000001|5600,00|0,00|0|051|1101|1101|0,00|0,00|0,00|0,00|0,00|0,00|0|01||5600,00|0,00|0,00|54||||||54||||||||
|C190|051|1101|0,00|5600,00|0,00|0,00|0,00|0,00|0,00|0,00||
|C100|0|1|13|55|00|1|000002733|42210814211243000183550010000027331459207067|15082021|16082021|5600,00|1|0,00|0,00|5600,00|0|0,00|0,00|0,00|0,00|0,00|0,00|0,00|0,00|||||
|C170|001|101||35,00000|000001|5600,00|0,00|0|051|1101|1101|0,00|0,00|0,00|0,00|0,00|0,00|0|01||5600,00|0,00|0,00|54||||||54||||||||
|C190|051|1101|0,00|5600,00|0,00|0,00|0,00|0,00|0,00|0,00||
|C100|1|0|18|55|00|1|000008599|42210804586156000238550010000085991000009840|17082021|17082021|749,00|1|0,00|0,00|749,00|0|0,00|0,00|0,00|749,00|89,88|0,00|0,00|0,00|||||
|C190|000|6101|12,00|749,00|749,00|89,88|0,00|0,00|0,00|0,00||
|C100|1|0|32|55|00|1|000008600|42210804586156000238550010000086001000000048|17082021|17082021|15288,00|1|0,00|0,00|15288,00|0|0,00|0,00|0,00|15288,00|1834,56|0,00|0,00|0,00|||||
|C190|000|6101|12,00|15288,00|15288,00|1834,56|0,00|0,00|0,00|0,00||
|C100|0|0|8|55|00|1|000008601|42210804586156000238550010000086011000009832|17082021|17082021|16000,00|1|0,00|0,00|16000,00|0|0,00|0,00|0,00|0,00|0,00|0,00|0,00|0,00|||||
|C190|051|1101|0,00|16000,00|0,00|0,00|0,00|0,00|0,00|0,00||
|C100|0|1|13|55|00|1|000002746|42210814211243000183550010000027461655979830|16082021|16082021|5600,00|1|0,00|0,00|5600,00|0|0,00|0,00|0,00|0,00|0,00|0,00|0,00|0,00|||||
|C170|001|101||35,00000|000001|5600,00|0,00|0|051|1101|1101|0,00|0,00|0,00|0,00|0,00|0,00|0|01||5600,00|0,00|0,00|54||||||54||||||||
|C190|051|1101|0,00|5600,00|0,00|0,00|0,00|0,00|0,00|0,00||
|C100|0|1|13|55|00|1|000002748|42210814211243000183550010000027481822914886|16082021|16082021|5600,00|1|0,00|0,00|5600,00|0|0,00|0,00|0,00|0,00|0,00|0,00|0,00|0,00|||||
|C170|001|101||35,00000|000001|5600,00|0,00|0|051|1101|1101|0,00|0,00|0,00|0,00|0,00|0,00|0|01||5600,00|0,00|0,00|54||||||54||||||||
|C190|051|1101|0,00|5600,00|0,00|0,00|0,00|0,00|0,00|0,00||
|C100|0|1|28|55|00|1|000007838|42210808957686000115550010000078381801058953|16082021|16082021|641,00|1|20,50|0,00|661,50|0|0,00|0,00|0,00|0,00|0,00|0,00|0,00|0,00|||||
|C170|001|1229||1,00000|000002|250,85|7,77|0|090|1556|1556|0,00|0,00|0,00|0,00|0,00|0,00|0|01||250,85|0,00|0,00|99||||||99||||||||
|C170|002|1232||1,00000|000011|5,60|0,17|0|090|1556|1556|0,00|0,00|0,00|0,00|0,00|0,00|0|01||5,60|0,00|0,00|99||||||99||||||||
|C170|003|1230||1,00000|000002|207,43|6,43|0|090|1556|1556|0,00|0,00|0,00|0,00|0,00|0,00|0|01||207,43|0,00|0,00|99||||||99||||||||
|C170|004|1226||1,00000|000002|170,00|5,27|0|090|1556|1556|0,00|0,00|0,00|0,00|0,00|0,00|0|01||170,00|0,00|0,00|99||||||99||||||||
|C170|005|1228||2,00000|000002|21,02|0,65|0|090|1556|1556|0,00|0,00|0,00|0,00|0,00|0,00|0|01||21,02|0,00|0,00|99||||||99||||||||
|C170|006|1231||1,00000|000002|6,60|0,20|0|090|1556|1556|0,00|0,00|0,00|0,00|0,00|0,00|0|01||6,60|0,00|0,00|99||||||99||||||||
|C190|090|1556|0,00|641,01|0,00|0,00|0,00|0,00|0,00|0,00||
|C195|000001|4,05% CREDITO ICMS|
|C197|SC10000034|DOCUMENTO EMITIDO POR ME OU EPP OPTANTE PELO SIMPLES NACIONAL. PERMITE APROVEITAMENTO DE CREDITO DE ICMS  ART.23 LC 123/2006|1229|250,85|4,05|10,16|0,00|
|C197|SC10000034|DOCUMENTO EMITIDO POR ME OU EPP OPTANTE PELO SIMPLES NACIONAL. PERMITE APROVEITAMENTO DE CREDITO DE ICMS  ART.23 LC 123/2006|1232|5,60|4,05|0,23|0,00|
|C197|SC10000034|DOCUMENTO EMITIDO POR ME OU EPP OPTANTE PELO SIMPLES NACIONAL. PERMITE APROVEITAMENTO DE CREDITO DE ICMS  ART.23 LC 123/2006|1230|207,43|4,05|8,40|0,00|
|C197|SC10000034|DOCUMENTO EMITIDO POR ME OU EPP OPTANTE PELO SIMPLES NACIONAL. PERMITE APROVEITAMENTO DE CREDITO DE ICMS  ART.23 LC 123/2006|1226|170,00|4,05|6,88|0,00|
|C197|SC10000034|DOCUMENTO EMITIDO POR ME OU EPP OPTANTE PELO SIMPLES NACIONAL. PERMITE APROVEITAMENTO DE CREDITO DE ICMS  ART.23 LC 123/2006|1228|21,02|4,05|0,85|0,00|
|C197|SC10000034|DOCUMENTO EMITIDO POR ME OU EPP OPTANTE PELO SIMPLES NACIONAL. PERMITE APROVEITAMENTO DE CREDITO DE ICMS  ART.23 LC 123/2006|1231|6,60|4,05|0,27|0,00|
|C100|0|1|33|55|00|2|000027524|41210812924620000104550020000275241001096410|16082021|16082021|5777,65|1|0,00|0,00|5109,40|1|0,00|0,00|0,00|5109,40|613,13|0,00|0,00|668,25|||||
|C170|001|192||15,00000|000011|4455,00|0,00|0|000|2101|2101|4455,00|12,00|534,60|0,00|0,00|0,00|0|00||4455,00|15,00|668,25|54||||||54||||||||
|C170|002|157||8,00000|000012|654,40|0,00|0|000|2101|2101|654,40|12,00|78,53|0,00|0,00|0,00|0|00||654,40|15,00|98,16|99||||||99||||||||
|C190|000|2101|12,00|5875,81|5109,40|613,13|0,00|0,00|0,00|766,41||
|C100|0|1|26|55|00|1|000061366|42210880082860000150550010000613661485326475|16082021|16082021|414,70|1|0,00|0,00|414,70|0|0,00|0,00|0,00|0,00|0,00|0,00|0,00|0,00|||||
|C170|001|1234||5,00000|000013|414,70|0,00|0|090|1556|1556|0,00|0,00|0,00|0,00|0,00|0,00|0|01||414,70|0,00|0,00|54||||||54||||||||
|C190|090|1556|0,00|414,70|0,00|0,00|0,00|0,00|0,00|0,00||
|C100|0|1|34|55|00|1|000120090|42210885257145000125550010001200901989811918|09082021|09082021|1370,00|1|43,09|0,00|1413,09|0|0,00|0,00|0,00|1369,98|232,90|0,00|0,00|0,00|||||
|C170|001|1261||12,00000|000002|1,44|0,04|0|000|1556|1556|1,40|17,00|0,24|0,00|0,00|0,00|0|01||1,44|0,00|0,00|99||||||99||||||||
|C170|002|1262||3,00000|000002|0,30|0,01|0|000|1556|1556|0,29|17,00|0,05|0,00|0,00|0,00|0|01||0,30|0,00|0,00|54||||||54||||||||
|C170|003|1263||4,00000|000002|82,32|2,51|0|000|1556|1556|79,81|17,00|13,57|0,00|0,00|0,00|0|01||82,32|0,00|0,00|99||||||99||||||||
|C170|004|901||20,00000|000002|6,00|0,18|0|000|1556|1556|5,82|17,00|0,99|0,00|0,00|0,00|0|01||6,00|0,00|0,00|54||||||54||||||||
|C170|005|1257||9,00000|000013|6,03|0,18|0|000|1556|1556|5,85|17,00|0,99|0,00|0,00|0,00|0|01||6,03|0,00|0,00|54||||||54||||||||
|C170|006|1257||2,00000|000013|1,34|0,04|0|000|1556|1556|1,30|17,00|0,22|0,00|0,00|0,00|0|01||1,34|0,00|0,00|54||||||54||||||||
|C170|007|1257||1,00000|000013|0,67|0,02|0|000|1556|1556|0,65|17,00|0,11|0,00|0,00|0,00|0|01||0,67|0,00|0,00|54||||||54||||||||
|C170|008|1256||16,00000|000013|37,92|1,16|0|000|1556|1556|36,76|17,00|6,25|0,00|0,00|0,00|0|01||37,92|0,00|0,00|54||||||54||||||||
|C170|009|1256||5,00000|000013|11,85|0,36|0|000|1556|1556|11,49|17,00|1,95|0,00|0,00|0,00|0|01||11,85|0,00|0,00|54||||||54||||||||
|C170|010|1256||5,00000|000013|11,85|0,36|0|000|1556|1556|11,49|17,00|1,95|0,00|0,00|0,00|0|01||11,85|0,00|0,00|54||||||54||||||||
|C170|011|1255||3,00000|000013|19,50|0,59|0|000|1556|1556|18,91|17,00|3,21|0,00|0,00|0,00|0|01||19,50|0,00|0,00|99||||||99||||||||
|C170|012|1254||2,00000|000014|20,64|0,63|0|000|1556|1556|20,01|17,00|3,40|0,00|0,00|0,00|0|01||20,64|0,00|0,00|54||||||54||||||||
|C170|013|1253||1,00000|000002|2,10|0,06|0|000|1556|1556|2,04|17,00|0,35|0,00|0,00|0,00|0|01||2,10|0,00|0,00|99||||||99||||||||
|C170|014|1253||1,00000|000002|2,10|0,06|0|000|1556|1556|2,04|17,00|0,35|0,00|0,00|0,00|0|01||2,10|0,00|0,00|99||||||99||||||||
|C170|015|1252||1,00000|000002|131,21|4,00|0|000|1556|1556|127,21|17,00|21,63|0,00|0,00|0,00|0|01||131,21|0,00|0,00|99||||||99||||||||
|C170|016|1251||4,00000|000002|425,04|12,96|0|000|1556|1556|412,08|17,00|70,05|0,00|0,00|0,00|0|01||425,04|0,00|0,00|99||||||99||||||||
|C170|017|1250||2,00000|000002|5,04|0,15|0|000|1556|1556|4,89|17,00|0,83|0,00|0,00|0,00|0|01||5,04|0,00|0,00|99||||||99||||||||
|C170|018|1249||23,00000|000002|1,84|0,06|0|000|1556|1556|1,78|17,00|0,30|0,00|0,00|0,00|0|01||1,84|0,00|0,00|99||||||99||||||||
|C170|019|1248||2,00000|000002|9,54|0,29|0|000|1556|1556|9,25|17,00|1,57|0,00|0,00|0,00|0|01||9,54|0,00|0,00|99||||||99||||||||
|C170|020|1247||4,00000|000002|48,40|1,48|0|000|1556|1556|46,92|17,00|7,98|0,00|0,00|0,00|0|01||48,40|0,00|0,00|99||||||99||||||||
|C170|021|1246||1,00000|000002|7,00|0,21|0|000|1556|1556|6,79|17,00|1,15|0,00|0,00|0,00|0|01||7,00|0,00|0,00|54||||||54||||||||
|C170|022|1245||2,00000|000002|162,00|4,94|0|000|1556|1556|157,06|17,00|26,70|0,00|0,00|0,00|0|01||162,00|0,00|0,00|99||||||99||||||||
|C170|023|1244||2,00000|000002|3,84|0,12|0|000|1556|1556|3,72|17,00|0,63|0,00|0,00|0,00|0|01||3,84|0,00|0,00|99||||||99||||||||
|C170|024|1243||54,00000|000002|14,04|0,43|0|000|1556|1556|13,61|17,00|2,31|0,00|0,00|0,00|0|01||14,04|0,00|0,00|99||||||99||||||||
|C170|025|1242||4,00000|000002|0,48|0,01|0|000|1556|1556|0,47|17,00|0,08|0,00|0,00|0,00|0|01||0,48|0,00|0,00|99||||||99||||||||
|C170|026|1241||2,00000|000002|16,60|0,51|0|000|1556|1556|16,09|17,00|2,74|0,00|0,00|0,00|0|01||16,60|0,00|0,00|99||||||99||||||||
|C170|027|1240||20,00000|000002|1,00|0,03|0|000|1556|1556|0,97|17,00|0,16|0,00|0,00|0,00|0|01||1,00|0,00|0,00|99||||||99||||||||
|C170|028|1239||1,00000|000002|35,00|1,07|0|000|1556|1556|33,93|17,00|5,77|0,00|0,00|0,00|0|01||35,00|0,00|0,00|99||||||99||||||||
|C170|029|1238||20,00000|000002|5,00|0,15|0|000|1556|1556|4,85|17,00|0,82|0,00|0,00|0,00|0|01||5,00|0,00|0,00|99||||||99||||||||
|C170|030|1237||20,00000|000002|5,60|0,17|0|000|1556|1556|5,43|17,00|0,92|0,00|0,00|0,00|0|01||5,60|0,00|0,00|99||||||99||||||||
|C170|031|1237||7,00000|000002|30,24|0,92|0|000|1556|1556|29,32|17,00|4,98|0,00|0,00|0,00|0|01||30,24|0,00|0,00|99||||||99||||||||
|C170|032|1236||7,00000|000002|1,05|0,03|0|000|1556|1556|1,02|17,00|0,17|0,00|0,00|0,00|0|01||1,05|0,00|0,00|99||||||99||||||||
|C170|033|1235||4,00000|000002|3,76|0,11|0|000|1556|1556|3,65|17,00|0,62|0,00|0,00|0,00|0|01||3,76|0,00|0,00|99||||||99||||||||
|C170|034|1205||8,00000|000006|0,48|0,01|0|000|1556|1556|0,47|17,00|0,08|0,00|0,00|0,00|0|01||0,48|0,00|0,00|99||||||99||||||||
|C170|035|1259||2,00000|000002|261,56|7,97|0|000|1556|1556|253,58|17,00|43,11|0,00|0,00|0,00|0|01||261,56|0,00|0,00|99||||||99||||||||
|C170|036|1260||2,00000|000002|35,16|1,07|0|000|1556|1556|34,09|17,00|5,80|0,00|0,00|0,00|0|01||35,16|0,00|0,00|99||||||99||||||||
|C170|037|1258||1,00000|000002|5,15|0,16|0|000|1556|1556|4,99|17,00|0,85|0,00|0,00|0,00|0|01||5,15|0,00|0,00|99||||||99||||||||
|C190|000|1556|17,00|1370,04|1370,01|232,90|0,00|0,00|0,00|0,00||
|C100|0|1|35|55|00|1|000000392|42210827710207000106550010000003921705547505|17082021|17082021|9344,63|1|0,00|0,00|9344,63|1|0,00|0,00|0,00|9344,63|186,89|0,00|0,00|0,00|||||
|C170|001|017||24,91900|000003|9344,63|0,00|0|000|1101|1101|9344,63|2,00|186,89|0,00|0,00|0,00|0|01||9344,63|0,00|0,00|54||||||54||||||||
|C190|000|1101|2,00|9344,63|9344,63|186,89|0,00|0,00|0,00|0,00||
|C100|0|1|36|55|00|1|000074822|41210881639429000125550010000748221001097940|17082021|17082021|847,13|1|0,00|0,00|847,13|0|0,00|0,00|0,00|0,00|0,00|0,00|0,00|0,00|||||
|C170|001|1206||197,00700|000015|847,13|0,00|0|060|2556|2556|0,00|0,00|0,00|0,00|0,00|0,00|0|01||847,13|0,00|0,00|54||||||54||||||||
|C190|060|2556|0,00|847,13|0,00|0,00|0,00|0,00|0,00|0,00||
|C100|1|0|14|55|00|1|000008602|42210804586156000238550010000086021000009678|18082021|18082021|141419,30|1|0,00|0,00|141419,30|0|0,00|0,00|0,00|0,00|0,00|0,00|0,00|0,00|||||
|C190|041|7101|0,00|141419,30|0,00|0,00|0,00|0,00|0,00|0,00||
|C100|0|1|13|55|00|1|000002743|42210814211243000183550010000027431765490508|16082021|16082021|5600,00|1|0,00|0,00|5600,00|0|0,00|0,00|0,00|0,00|0,00|0,00|0,00|0,00|||||
|C170|001|101||35,00000|000001|5600,00|0,00|0|051|1101|1101|0,00|0,00|0,00|0,00|0,00|0,00|0|01||5600,00|0,00|0,00|54||||||54||||||||
|C190|051|1101|0,00|5600,00|0,00|0,00|0,00|0,00|0,00|0,00||
|C100|1|0|14|55|00|1|000008603|42210804586156000238550010000086031000009675|18082021|18082021|141934,29|1|0,00|0,00|141934,29|0|0,00|0,00|0,00|0,00|0,00|0,00|0,00|0,00|||||
|C190|041|7101|0,00|141934,29|0,00|0,00|0,00|0,00|0,00|0,00||
|C100|1|0|14|55|00|1|000008604|42210804586156000238550010000086041000009672|18082021|18082021|118567,61|1|0,00|0,00|118567,61|0|0,00|0,00|0,00|0,00|0,00|0,00|0,00|0,00|||||
|C190|041|7101|0,00|118567,61|0,00|0,00|0,00|0,00|0,00|0,00||
|C100|1|0|14|55|00|1|000008605|42210804586156000238550010000086051000009670|18082021|18082021|128146,58|1|0,00|0,00|128146,58|0|0,00|0,00|0,00|0,00|0,00|0,00|0,00|0,00|||||
|C190|041|7101|0,00|128146,58|0,00|0,00|0,00|0,00|0,00|0,00||
|C100|0|1|13|55|00|1|000002754|42210814211243000183550010000027541116534303|17082021|17082021|5600,00|1|0,00|0,00|5600,00|0|0,00|0,00|0,00|0,00|0,00|0,00|0,00|0,00|||||
|C170|001|101||35,00000|000001|5600,00|0,00|0|051|1101|1101|0,00|0,00|0,00|0,00|0,00|0,00|0|01||5600,00|0,00|0,00|54||||||54||||||||
|C190|051|1101|0,00|5600,00|0,00|0,00|0,00|0,00|0,00|0,00||
|C100|0|1|13|55|00|1|000002756|42210814211243000183550010000027561345484317|17082021|17082021|5600,00|1|0,00|0,00|5600,00|0|0,00|0,00|0,00|0,00|0,00|0,00|0,00|0,00|||||
|C170|001|101||35,00000|000001|5600,00|0,00|0|051|1101|1101|0,00|0,00|0,00|0,00|0,00|0,00|0|01||5600,00|0,00|0,00|54||||||54||||||||
|C190|051|1101|0,00|5600,00|0,00|0,00|0,00|0,00|0,00|0,00||
|C100|0|1|27|55|00|1|000072430|42210802361304000100550010000724301900318765|14082021|14082021|818,80|1|0,00|0,00|818,80|0|0,00|0,00|0,00|0,00|0,00|0,00|0,00|0,00|||||
|C170|001|1267||1,00000|000002|11,10|0,00|0|101|1556|1556|0,00|0,00|0,00|0,00|0,00|0,00|0|01||11,10|0,00|0,00|99||||||99||||||||
|C170|002|1265||25,00000|000013|182,50|0,00|0|500|1556|1556|0,00|0,00|0,00|0,00|0,00|0,00|0|01||182,50|0,00|0,00|99||||||99||||||||
|C170|003|1203||20,00000|000013|596,00|0,00|0|101|1556|1556|0,00|0,00|0,00|0,00|0,00|0,00|0|01||596,00|0,00|0,00|99||||||99||||||||
|C170|004|1204||1,00000|000002|9,00|0,00|0|101|1556|1556|0,00|0,00|0,00|0,00|0,00|0,00|0|01||9,00|0,00|0,00|99||||||99||||||||
|C170|005|1266||1,00000|000002|6,40|0,00|0|101|1556|1556|0,00|0,00|0,00|0,00|0,00|0,00|0|01||6,40|0,00|0,00|99||||||99||||||||
|C170|006|1268||2,00000|000002|13,80|0,00|0|101|1556|1556|0,00|0,00|0,00|0,00|0,00|0,00|0|01||13,80|0,00|0,00|99||||||99||||||||
|C190|101|1556|0,00|636,30|0,00|0,00|0,00|0,00|0,00|0,00||
|C190|500|1556|0,00|182,50|0,00|0,00|0,00|0,00|0,00|0,00||
|C100|0|1|37|55|00|1|000032566|42210816657643000142550010000325661000029961|13082021|13082021|60,00|1|0,00|0,00|60,00|0|0,00|0,00|0,00|0,00|0,00|0,00|0,00|0,00|||||
|C170|001|1201||2,00000|000002|60,00|0,00|0|102|1556|1556|0,00|0,00|0,00|0,00|0,00|0,00|0|01||60,00|0,00|0,00|99||||||99||||||||
|C190|102|1556|0,00|60,00|0,00|0,00|0,00|0,00|0,00|0,00||
|C100|0|1|38|55|00|1|000005094|42210826590863000150550010000050941000135846|02082021|02082021|41434,73|1|0,00|0,00|41434,73|1|0,00|0,00|0,00|0,00|0,00|0,00|0,00|0,00|||||
|C170|001|1288||4,00000|000002|254,00|0,00|0|101|1556|1556|0,00|0,00|0,00|0,00|0,00|0,00|0|01||254,00|0,00|0,00|99||||||99||||||||
|C170|002|1289||4,00000|000002|153,80|0,00|0|101|1556|1556|0,00|0,00|0,00|0,00|0,00|0,00|0|01||153,80|0,00|0,00|54||||||54||||||||
|C170|003|1290||6,00000|000002|233,40|0,00|0|101|1556|1556|0,00|0,00|0,00|0,00|0,00|0,00|0|01||233,40|0,00|0,00|54||||||54||||||||
|C170|004|1291||12,00000|000002|406,80|0,00|0|101|1556|1556|0,00|0,00|0,00|0,00|0,00|0,00|0|01||406,80|0,00|0,00|54||||||54||||||||
|C170|005|1292||4,00000|000002|2036,44|0,00|0|101|1556|1556|0,00|0,00|0,00|0,00|0,00|0,00|0|01||2036,44|0,00|0,00|99||||||99||||||||
|C170|006|1293||2,00000|000002|2573,80|0,00|0|101|1556|1556|0,00|0,00|0,00|0,00|0,00|0,00|0|01||2573,80|0,00|0,00|99||||||99||||||||
|C170|007|1294||4,00000|000002|1592,60|0,00|0|101|1556|1556|0,00|0,00|0,00|0,00|0,00|0,00|0|01||1592,60|0,00|0,00|99||||||99||||||||
|C170|008|1295||3,00000|000002|4705,95|0,00|0|101|1556|1556|0,00|0,00|0,00|0,00|0,00|0,00|0|01||4705,95|0,00|0,00|99||||||99||||||||
|C170|009|1296||4,00000|000002|12803,60|0,00|0|101|1556|1556|0,00|0,00|0,00|0,00|0,00|0,00|0|01||12803,60|0,00|0,00|54||||||54||||||||
|C170|010|1287||4,00000|000002|251,20|0,00|0|101|1556|1556|0,00|0,00|0,00|0,00|0,00|0,00|0|01||251,20|0,00|0,00|99||||||99||||||||
|C170|011|1287||12,00000|000002|704,40|0,00|0|101|1556|1556|0,00|0,00|0,00|0,00|0,00|0,00|0|01||704,40|0,00|0,00|99||||||99||||||||
|C170|012|200||2,00000|000002|2304,70|0,00|0|101|1556|1556|0,00|0,00|0,00|0,00|0,00|0,00|0|01||2304,70|0,00|0,00|54||||||54||||||||
|C170|013|837||4,00000|000002|6,48|0,00|0|101|1556|1556|0,00|0,00|0,00|0,00|0,00|0,00|0|01||6,48|0,00|0,00|99||||||99||||||||
|C170|014|846||4,00000|000006|12541,68|0,00|0|101|1556|1556|0,00|0,00|0,00|0,00|0,00|0,00|0|01||12541,68|0,00|0,00|54||||||54||||||||
|C170|015|957||2,00000|000006|778,52|0,00|0|101|1556|1556|0,00|0,00|0,00|0,00|0,00|0,00|0|01||778,52|0,00|0,00|54||||||54||||||||
|C170|016|901||96,00000|000002|87,36|0,00|0|101|1556|1556|0,00|0,00|0,00|0,00|0,00|0,00|0|01||87,36|0,00|0,00|54||||||54||||||||
|C190|101|1556|0,00|41434,73|0,00|0,00|0,00|0,00|0,00|0,00||
|C100|0|1|39|55|00|1|000001694|42210807512008000186550010000016941000006657|03082021|03082021|209,00|1|0,00|0,00|209,00|0|0,00|0,00|0,00|0,00|0,00|0,00|0,00|0,00|||||
|C170|001|954||2,00000|000006|48,00|0,00|0|101|1556|1556|0,00|0,00|0,00|0,00|0,00|0,00|0|01||48,00|0,00|0,00|99||||||99||||||||
|C170|002|1307||1,00000|000002|22,00|0,00|0|101|1556|1556|0,00|0,00|0,00|0,00|0,00|0,00|0|01||22,00|0,00|0,00|99||||||99||||||||
|C170|003|1308||1,00000|000002|12,00|0,00|0|101|1556|1556|0,00|0,00|0,00|0,00|0,00|0,00|0|01||12,00|0,00|0,00|54||||||54||||||||
|C170|004|1309||1,00000|000002|15,00|0,00|0|101|1556|1556|0,00|0,00|0,00|0,00|0,00|0,00|0|01||15,00|0,00|0,00|99||||||99||||||||
|C170|005|1310||1,00000|000002|26,00|0,00|0|101|1556|1556|0,00|0,00|0,00|0,00|0,00|0,00|0|01||26,00|0,00|0,00|99||||||99||||||||
|C170|006|1311||1,00000|000006|15,00|0,00|0|101|1556|1556|0,00|0,00|0,00|0,00|0,00|0,00|0|01||15,00|0,00|0,00|99||||||99||||||||
|C170|007|1312||3,00000|000002|3,00|0,00|0|101|1556|1556|0,00|0,00|0,00|0,00|0,00|0,00|0|01||3,00|0,00|0,00|99||||||99||||||||
|C170|008|201||1,00000|000002|4,00|0,00|0|101|1556|1556|0,00|0,00|0,00|0,00|0,00|0,00|0|01||4,00|0,00|0,00|54||||||54||||||||
|C170|009|955||2,00000|000006|64,00|0,00|0|101|1556|1556|0,00|0,00|0,00|0,00|0,00|0,00|0|01||64,00|0,00|0,00|99||||||99||||||||
|C190|101|1556|0,00|209,00|0,00|0,00|0,00|0,00|0,00|0,00||
|C100|0|1|40|55|00|1|000006084|42210803714718000138550010000060841000167560|03082021|03082021|1861,38|1|0,00|0,00|1861,38|1|0,00|0,00|0,00|0,00|0,00|0,00|0,00|0,00|||||
|C170|001|1317||1000,00000|000002|1600,00|0,00|0|102|1556|1556|0,00|0,00|0,00|0,00|0,00|0,00|0|01||1600,00|0,00|0,00|99||||||99||||||||
|C170|002|943||33,80000|000013|206,18|0,00|0|102|1556|1556|0,00|0,00|0,00|0,00|0,00|0,00|0|01||206,18|0,00|0,00|99||||||99||||||||
|C170|003|1316||2,00000|000006|11,20|0,00|0|102|1556|1556|0,00|0,00|0,00|0,00|0,00|0,00|0|01||11,20|0,00|0,00|99||||||99||||||||
|C170|004|1261||2,00000|000002|9,00|0,00|0|102|1556|1556|0,00|0,00|0,00|0,00|0,00|0,00|0|01||9,00|0,00|0,00|99||||||99||||||||
|C170|005|1249||2,00000|000002|11,00|0,00|0|102|1556|1556|0,00|0,00|0,00|0,00|0,00|0,00|0|01||11,00|0,00|0,00|99||||||99||||||||
|C170|006|1237||2,00000|000002|7,60|0,00|0|102|1556|1556|0,00|0,00|0,00|0,00|0,00|0,00|0|01||7,60|0,00|0,00|99||||||99||||||||
|C170|007|1235||2,00000|000002|16,40|0,00|0|102|1556|1556|0,00|0,00|0,00|0,00|0,00|0,00|0|01||16,40|0,00|0,00|99||||||99||||||||
|C190|102|1556|0,00|1861,38|0,00|0,00|0,00|0,00|0,00|0,00||
|C100|0|1|29|55|00|1|000056187|42210881002990000107550010000561871824602205|16082021|16082021|792,10|1|0,00|0,00|792,10|0|0,00|0,00|0,00|0,00|0,00|0,00|0,00|0,00|||||
|C170|001|1318||1,00000|000002|150,00|0,00|0|102|1556|1556|0,00|0,00|0,00|0,00|0,00|0,00|0|01||150,00|0,00|0,00|99||||||99||||||||
|C170|002|1224||3,00000|000006|156,00|0,00|0|102|1556|1556|0,00|0,00|0,00|0,00|0,00|0,00|0|01||156,00|0,00|0,00|99||||||99||||||||
|C170|003|1222||1,00000|000006|95,00|0,00|0|102|1556|1556|0,00|0,00|0,00|0,00|0,00|0,00|0|01||95,00|0,00|0,00|99||||||99||||||||
|C170|004|1219||2,00000|000002|22,00|0,00|0|102|1556|1556|0,00|0,00|0,00|0,00|0,00|0,00|0|01||22,00|0,00|0,00|99||||||99||||||||
|C170|005|1218||2,00000|000009|64,00|0,00|0|102|1556|1556|0,00|0,00|0,00|0,00|0,00|0,00|0|01||64,00|0,00|0,00|99||||||99||||||||
|C170|006|1319||3,00000|000002|54,00|0,00|0|102|1556|1556|0,00|0,00|0,00|0,00|0,00|0,00|0|01||54,00|0,00|0,00|99||||||99||||||||
|C170|007|1320||3,00000|000006|17,10|0,00|0|102|1556|1556|0,00|0,00|0,00|0,00|0,00|0,00|0|01||17,10|0,00|0,00|99||||||99||||||||
|C170|008|1321||3,00000|000006|25,50|0,00|0|102|1556|1556|0,00|0,00|0,00|0,00|0,00|0,00|0|01||25,50|0,00|0,00|99||||||99||||||||
|C170|009|1322||1,00000|000006|8,50|0,00|0|102|1556|1556|0,00|0,00|0,00|0,00|0,00|0,00|0|01||8,50|0,00|0,00|99||||||99||||||||
|C170|010|1323||10,00000|000006|10,00|0,00|0|102|1556|1556|0,00|0,00|0,00|0,00|0,00|0,00|0|01||10,00|0,00|0,00|99||||||99||||||||
|C170|011|1233||2,00000|000006|190,00|0,00|0|102|1556|1556|0,00|0,00|0,00|0,00|0,00|0,00|0|01||190,00|0,00|0,00|99||||||99||||||||
|C190|102|1556|0,00|792,10|0,00|0,00|0,00|0,00|0,00|0,00||
|C100|0|1|13|55|00|1|000002752|42210814211243000183550010000027521058179360|16082021|18082021|5600,00|1|0,00|0,00|5600,00|0|0,00|0,00|0,00|0,00|0,00|0,00|0,00|0,00|||||
|C170|001|101||35,00000|000001|5600,00|0,00|0|051|1101|1101|0,00|0,00|0,00|0,00|0,00|0,00|0|01||5600,00|0,00|0,00|54||||||54||||||||
|C190|051|1101|0,00|5600,00|0,00|0,00|0,00|0,00|0,00|0,00||
|C100|1|0|14|55|00|1|000008609|42210804586156000238550010000086091000009679|19082021|19082021|117503,04|1|0,00|0,00|117503,04|0|0,00|0,00|0,00|0,00|0,00|0,00|0,00|0,00|||||
|C190|041|7101|0,00|117503,04|0,00|0,00|0,00|0,00|0,00|0,00||
|C100|1|0|14|55|00|1|000008606|42210804586156000238550010000086061000009677|19082021|19082021|134817,61|1|0,00|0,00|134817,61|0|0,00|0,00|0,00|0,00|0,00|0,00|0,00|0,00|||||
|C190|041|7101|0,00|134817,61|0,00|0,00|0,00|0,00|0,00|0,00||
|C100|1|0|14|55|00|1|000008608|42210804586156000238550010000086081000009671|19082021|19082021|121243,33|1|0,00|0,00|121243,33|0|0,00|0,00|0,00|0,00|0,00|0,00|0,00|0,00|||||
|C190|041|7101|0,00|121243,33|0,00|0,00|0,00|0,00|0,00|0,00||
|C100|1|0|14|55|00|1|000008607|42210804586156000238550010000086071000009674|19082021|19082021|120892,37|1|0,00|0,00|120892,37|0|0,00|0,00|0,00|0,00|0,00|0,00|0,00|0,00|||||
|C190|041|7101|0,00|120892,37|0,00|0,00|0,00|0,00|0,00|0,00||
|C100|0|1|27|55|00|1|000072568|42210802361304000100550010000725681004220006|18082021|19082021|145,20|1|0,00|0,00|145,20|0|0,00|0,00|0,00|0,00|0,00|0,00|0,00|0,00|||||
|C170|001|1347||3,00000|000002|93,60|0,00|0|500|1556|1556|0,00|0,00|0,00|0,00|0,00|0,00|0|01||93,60|0,00|0,00|99||||||99||||||||
|C170|002|1316||6,00000|000006|51,60|0,00|0|500|1556|1556|0,00|0,00|0,00|0,00|0,00|0,00|0|01||51,60|0,00|0,00|99||||||99||||||||
|C190|500|1556|0,00|145,20|0,00|0,00|0,00|0,00|0,00|0,00||
|C100|0|1|9|55|00|6|000002942|42210884933969000105550060000029421000037106|19082021|19082021|7980,00|1|0,00|0,00|7980,00|0|0,00|0,00|0,00|0,00|0,00|0,00|0,00|0,00|||||
|C170|001|101||38,00000|000001|7980,00|0,00|0|051|1101|1101|0,00|0,00|0,00|0,00|0,00|0,00|0|01||7980,00|0,00|0,00|54||||||54||||||||
|C190|051|1101|0,00|7980,00|0,00|0,00|0,00|0,00|0,00|0,00||
|C100|0|0|8|55|00|1|000008610|42210804586156000238550010000086101000009831|23082021|23082021|16000,00|1|0,00|0,00|16000,00|0|0,00|0,00|0,00|0,00|0,00|0,00|0,00|0,00|||||
|C190|051|1101|0,00|16000,00|0,00|0,00|0,00|0,00|0,00|0,00||
|C100|0|0|8|55|00|1|000008611|42210804586156000238550010000086111000009839|23082021|23082021|16000,00|1|0,00|0,00|16000,00|0|0,00|0,00|0,00|0,00|0,00|0,00|0,00|0,00|||||
|C190|051|1101|0,00|16000,00|0,00|0,00|0,00|0,00|0,00|0,00||
|C100|0|1|13|55|00|1|000002763|42210814211243000183550010000027631436017783|18082021|18082021|5600,00|1|0,00|0,00|5600,00|0|0,00|0,00|0,00|0,00|0,00|0,00|0,00|0,00|||||
|C170|001|101||35,00000|000001|5600,00|0,00|0|051|1101|1101|0,00|0,00|0,00|0,00|0,00|0,00|0|01||5600,00|0,00|0,00|54||||||54||||||||
|C190|051|1101|0,00|5600,00|0,00|0,00|0,00|0,00|0,00|0,00||
|C100|0|1|13|55|00|1|000002773|42210814211243000183550010000027731545831313|18082021|18082021|5600,00|1|0,00|0,00|5600,00|0|0,00|0,00|0,00|0,00|0,00|0,00|0,00|0,00|||||
|C170|001|101||35,00000|000001|5600,00|0,00|0|051|1101|1101|0,00|0,00|0,00|0,00|0,00|0,00|0|01||5600,00|0,00|0,00|54||||||54||||||||
|C190|051|1101|0,00|5600,00|0,00|0,00|0,00|0,00|0,00|0,00||
|C100|0|1|13|55|00|1|000002764|42210814211243000183550010000027641359481856|18082021|18082021|5600,00|1|0,00|0,00|5600,00|0|0,00|0,00|0,00|0,00|0,00|0,00|0,00|0,00|||||
|C170|001|101||35,00000|000001|5600,00|0,00|0|051|1101|1101|0,00|0,00|0,00|0,00|0,00|0,00|0|01||5600,00|0,00|0,00|54||||||54||||||||
|C190|051|1101|0,00|5600,00|0,00|0,00|0,00|0,00|0,00|0,00||
|C100|0|1|13|55|00|1|000002776|42210814211243000183550010000027761129568020|18082021|18082021|5600,00|1|0,00|0,00|5600,00|0|0,00|0,00|0,00|0,00|0,00|0,00|0,00|0,00|||||
|C170|001|101||35,00000|000001|5600,00|0,00|0|051|1101|1101|0,00|0,00|0,00|0,00|0,00|0,00|0|01||5600,00|0,00|0,00|54||||||54||||||||
|C190|051|1101|0,00|5600,00|0,00|0,00|0,00|0,00|0,00|0,00||
|C100|0|1|41|55|00|1|000071308|41210808775142000132550010000713081477356067|18082021|19082021|67567,50|1|0,00|0,00|64350,00|0|0,00|0,00|0,00|64350,00|7722,00|0,00|0,00|3217,50|||||
|C170|001|318||13000,00000|000005|64350,00|0,00|0|000|2101|2101|64350,00|12,00|7722,00|0,00|0,00|0,00|0|00||64350,00|5,00|3217,50|54||||||54||||||||
|C190|000|2101|12,00|67567,50|64350,00|7722,00|0,00|0,00|0,00|3217,50||
|C100|1|0|11|55|00|1|000008612|42210804586156000238550010000086121000009151|23082021|23082021|68409,75|1|0,00|0,00|65152,14|1|0,00|0,00|0,00|65152,14|7818,26|0,00|0,00|3257,61|||||
|C190|000|6122|12,00|68409,75|65152,14|7818,26|0,00|0,00|0,00|3257,61||
|C100|1|0|10|55|00|1|000008613|42210804586156000238550010000086131000008519|23082021|23082021|65152,14|2|0,00|0,00|65152,14|1|0,00|0,00|0,00|0,00|0,00|0,00|0,00|0,00|||||
|C190|000|6924|0,00|65152,14|0,00|0,00|0,00|0,00|0,00|0,00||
|C100|1|0|10|55|00|1|000008614|42210804586156000238550010000086141000008516|23082021|23082021|75853,05|1|0,00|0,00|72241,00|1|0,00|0,00|0,00|72241,00|8668,92|0,00|0,00|3612,05|||||
|C190|000|6101|12,00|75853,05|72241,00|8668,92|0,00|0,00|0,00|3612,05||
|C100|0|0|8|55|00|1|000008615|42210804586156000238550010000086151000009838|23082021|23082021|16000,00|1|0,00|0,00|16000,00|0|0,00|0,00|0,00|0,00|0,00|0,00|0,00|0,00|||||
|C190|051|1101|0,00|16000,00|0,00|0,00|0,00|0,00|0,00|0,00||
|C100|0|0|8|55|00|1|000008616|42210804586156000238550010000086161000009835|23082021|23082021|16000,00|1|0,00|0,00|16000,00|0|0,00|0,00|0,00|0,00|0,00|0,00|0,00|0,00|||||
|C190|051|1101|0,00|16000,00|0,00|0,00|0,00|0,00|0,00|0,00||
|C100|0|1|9|55|00|6|000002949|42210884933969000105550060000029491000037174|23082021|23082021|7980,00|1|0,00|0,00|7980,00|0|0,00|0,00|0,00|0,00|0,00|0,00|0,00|0,00|||||
|C170|001|101||38,00000|000001|7980,00|0,00|0|051|1101|1101|0,00|0,00|0,00|0,00|0,00|0,00|0|01||7980,00|0,00|0,00|54||||||54||||||||
|C190|051|1101|0,00|7980,00|0,00|0,00|0,00|0,00|0,00|0,00||
|C100|0|0|8|55|00|1|000008617|42210804586156000238550010000086171000009832|24082021|24082021|16000,00|1|0,00|0,00|16000,00|0|0,00|0,00|0,00|0,00|0,00|0,00|0,00|0,00|||||
|C190|051|1101|0,00|16000,00|0,00|0,00|0,00|0,00|0,00|0,00||
|C100|0|1|13|55|00|1|000002834|42210814211243000183550010000028341605719708|24082021|24082021|5600,00|1|0,00|0,00|5600,00|0|0,00|0,00|0,00|0,00|0,00|0,00|0,00|0,00|||||
|C170|001|101||35,00000|000001|5600,00|0,00|0|051|1101|1101|0,00|0,00|0,00|0,00|0,00|0,00|0|01||5600,00|0,00|0,00|54||||||54||||||||
|C190|051|1101|0,00|5600,00|0,00|0,00|0,00|0,00|0,00|0,00||
|C100|0|1|9|55|00|6|000002953|42210884933969000105550060000029531000037223|24082021|24082021|6300,00|1|0,00|0,00|6300,00|0|0,00|0,00|0,00|0,00|0,00|0,00|0,00|0,00|||||
|C170|001|101||30,00000|000001|6300,00|0,00|0|051|1101|1101|0,00|0,00|0,00|0,00|0,00|0,00|0|01||6300,00|0,00|0,00|54||||||54||||||||
|C190|051|1101|0,00|6300,00|0,00|0,00|0,00|0,00|0,00|0,00||
|C100|0|1|42|55|00|1|000016003|42210813677363000108550010000160031136773638|20082021|20082021|724,30|1|0,00|0,00|724,30|0|0,00|0,00|0,00|0,00|0,00|0,00|0,00|0,00|||||
|C170|001|1353||3,00000|000016|9,30|0,00|0|102|1556|1556|0,00|0,00|0,00|0,00|0,00|0,00|0|01||9,30|0,00|0,00|99||||||99||||||||
|C170|002|1352||30,00000|000016|477,00|0,00|0|102|1556|1556|0,00|0,00|0,00|0,00|0,00|0,00|0|01||477,00|0,00|0,00|99||||||99||||||||
|C170|003|1351||20,00000|000002|238,00|0,00|0|102|1556|1556|0,00|0,00|0,00|0,00|0,00|0,00|0|01||238,00|0,00|0,00|99||||||99||||||||
|C190|102|1556|0,00|724,30|0,00|0,00|0,00|0,00|0,00|0,00||
|C100|0|1|42|55|00|1|000016043|42210813677363000108550010000160431136773633|23082021|23082021|162,00|1|0,00|0,00|162,00|0|0,00|0,00|0,00|0,00|0,00|0,00|0,00|0,00|||||
|C170|001|1352||2,00000|000016|89,20|0,00|0|102|1556|1556|0,00|0,00|0,00|0,00|0,00|0,00|0|01||89,20|0,00|0,00|99||||||99||||||||
|C170|002|1354||1,00000|000016|72,80|0,00|0|102|1556|1556|0,00|0,00|0,00|0,00|0,00|0,00|0|01||72,80|0,00|0,00|99||||||99||||||||
|C190|102|1556|0,00|162,00|0,00|0,00|0,00|0,00|0,00|0,00||
|C100|0|1|43|55|00|3|000254339|42210800249580000155550030002543391038040894|20082021|20082021|8420,00|1|0,00|0,00|8420,00|0|0,00|0,00|0,00|0,00|0,00|0,00|0,00|0,00|||||
|C170|001|1206||2000,00000|000015|8420,00|0,00|0|060|1556|1556|0,00|0,00|0,00|0,00|0,00|0,00|0|01||8420,00|0,00|0,00|54||||||54||||||||
|C190|060|1556|0,00|8420,00|0,00|0,00|0,00|0,00|0,00|0,00||
|C100|0|1|43|55|00|3|000253667|42210800249580000155550030002536671453033112|11082021|11082021|8420,00|1|0,00|0,00|8420,00|0|0,00|0,00|0,00|0,00|0,00|0,00|0,00|0,00|||||
|C170|001|1206||2000,00000|000015|8420,00|0,00|0|060|1556|1556|0,00|0,00|0,00|0,00|0,00|0,00|0|01||8420,00|0,00|0,00|54||||||54||||||||
|C190|060|1556|0,00|8420,00|0,00|0,00|0,00|0,00|0,00|0,00||
|C100|0|1|42|55|00|1|000015677|42210813677363000108550010000156771136773630|06082021|06082021|146,20|1|0,00|0,00|146,20|0|0,00|0,00|0,00|0,00|0,00|0,00|0,00|0,00|||||
|C170|001|1351||10,00000|000002|109,00|0,00|0|102|1556|1556|0,00|0,00|0,00|0,00|0,00|0,00|0|01||109,00|0,00|0,00|99||||||99||||||||
|C170|002|1353||12,00000|000016|37,20|0,00|0|102|1556|1556|0,00|0,00|0,00|0,00|0,00|0,00|0|01||37,20|0,00|0,00|99||||||99||||||||
|C190|102|1556|0,00|146,20|0,00|0,00|0,00|0,00|0,00|0,00||
|C100|1|0|44|55|00|1|000008618|42210804586156000238550010000086181000003742|25082021|25082021|43470,00|1|0,00|0,00|41400,00|1|0,00|0,00|0,00|0,00|0,00|0,00|0,00|2070,00|||||
|C190|051|5101|0,00|43470,00|0,00|0,00|0,00|0,00|0,00|2070,00||
|C100|0|1|45|55|00|890|004739170|42210882951310000156558900047391701605682825|24082021|24082021|6649,50|1|0,00|0,00|6649,50|0|0,00|0,00|0,00|0,00|0,00|0,00|0,00|0,00|||||
|C170|001|1355||2,00000|000006|6300,00|0,00|0|102|1556|1556|0,00|0,00|0,00|0,00|0,00|0,00|0|01||6300,00|0,00|0,00|99||||||99||||||||
|C170|002|1256||30,00000|000013|138,00|0,00|0|102|1556|1556|0,00|0,00|0,00|0,00|0,00|0,00|0|01||138,00|0,00|0,00|54||||||54||||||||
|C170|003|1275||30,00000|000013|211,50|0,00|0|102|1556|1556|0,00|0,00|0,00|0,00|0,00|0,00|0|01||211,50|0,00|0,00|54||||||54||||||||
|C190|102|1556|0,00|6649,50|0,00|0,00|0,00|0,00|0,00|0,00||
|C100|0|0|8|55|00|1|000008619|42210804586156000238550010000086191000009837|25082021|25082021|29056,00|1|0,00|0,00|29056,00|0|0,00|0,00|0,00|0,00|0,00|0,00|0,00|0,00|||||
|C190|051|1101|0,00|29056,00|0,00|0,00|0,00|0,00|0,00|0,00||
|C100|0|1|8|55|00|920|000001396|42210800000396001904559200000013961001084960|02082021|02082021|0,00|2|0,00|0,00|0,00|0|0,00|0,00|0,00|0,00|0,00|0,00|0,00|0,00|||||
|C170|001|101||40,00000|000001|0,00|0,00|0|102|1201|1201|0,00|0,00|0,00|0,00|0,00|0,00|0|01||0,00|0,00|0,00|54||||||54||||||||
|C190|102|1201|0,00|0,00|0,00|0,00|0,00|0,00|0,00|0,00||
|C100|0|1|8|55|00|920|000001418|42210800000396001904559200000014181001088565|04082021|04082021|0,00|2|0,00|0,00|0,00|0|0,00|0,00|0,00|0,00|0,00|0,00|0,00|0,00|||||
|C170|001|101||40,00000|000001|0,00|0,00|0|102|1201|1201|0,00|0,00|0,00|0,00|0,00|0,00|0|01||0,00|0,00|0,00|54||||||54||||||||
|C190|102|1201|0,00|0,00|0,00|0,00|0,00|0,00|0,00|0,00||
|C100|0|1|8|55|00|920|000001421|42210800000396001904559200000014211001088889|04082021|04082021|0,00|2|0,00|0,00|0,00|0|0,00|0,00|0,00|0,00|0,00|0,00|0,00|0,00|||||
|C170|001|101||40,00000|000001|0,00|0,00|0|102|1201|1201|0,00|0,00|0,00|0,00|0,00|0,00|0|01||0,00|0,00|0,00|54||||||54||||||||
|C190|102|1201|0,00|0,00|0,00|0,00|0,00|0,00|0,00|0,00||
|C100|0|1|8|55|00|920|000001433|42210800000396001904559200000014331001091040|06082021|06082021|0,00|2|0,00|0,00|0,00|0|0,00|0,00|0,00|0,00|0,00|0,00|0,00|0,00|||||
|C170|001|101||40,00000|000001|0,00|0,00|0|102|1201|1201|0,00|0,00|0,00|0,00|0,00|0,00|0|01||0,00|0,00|0,00|54||||||54||||||||
|C190|102|1201|0,00|0,00|0,00|0,00|0,00|0,00|0,00|0,00||
|C100|0|1|8|55|00|920|000001443|42210800000396001904559200000014431001091925|09082021|09082021|0,00|2|0,00|0,00|0,00|0|0,00|0,00|0,00|0,00|0,00|0,00|0,00|0,00|||||
|C170|001|101||40,00000|000001|0,00|0,00|0|102|1201|1201|0,00|0,00|0,00|0,00|0,00|0,00|0|01||0,00|0,00|0,00|54||||||54||||||||
|C190|102|1201|0,00|0,00|0,00|0,00|0,00|0,00|0,00|0,00||
|C100|0|1|8|55|00|920|000001450|42210800000396001904559200000014501001092560|09082021|09082021|0,00|2|0,00|0,00|0,00|0|0,00|0,00|0,00|0,00|0,00|0,00|0,00|0,00|||||
|C170|001|101||40,00000|000001|0,00|0,00|0|102|1201|1201|0,00|0,00|0,00|0,00|0,00|0,00|0|01||0,00|0,00|0,00|54||||||54||||||||
|C190|102|1201|0,00|0,00|0,00|0,00|0,00|0,00|0,00|0,00||
|C100|0|1|8|55|00|920|000001452|42210800000396001904559200000014521001092726|09082021|09082021|0,00|2|0,00|0,00|0,00|0|0,00|0,00|0,00|0,00|0,00|0,00|0,00|0,00|||||
|C170|001|101||40,00000|000001|0,00|0,00|0|102|1201|1201|0,00|0,00|0,00|0,00|0,00|0,00|0|01||0,00|0,00|0,00|54||||||54||||||||
|C190|102|1201|0,00|0,00|0,00|0,00|0,00|0,00|0,00|0,00||
|C100|0|1|8|55|00|920|000001457|42210800000396001904559200000014571001093605|10082021|10082021|0,00|2|0,00|0,00|0,00|0|0,00|0,00|0,00|0,00|0,00|0,00|0,00|0,00|||||
|C170|001|101||40,00000|000001|0,00|0,00|0|102|1201|1201|0,00|0,00|0,00|0,00|0,00|0,00|0|01||0,00|0,00|0,00|54||||||54||||||||
|C190|102|1201|0,00|0,00|0,00|0,00|0,00|0,00|0,00|0,00||
|C100|0|1|8|55|00|920|000001460|42210800000396001904559200000014601001094089|10082021|10082021|0,00|2|0,00|0,00|0,00|0|0,00|0,00|0,00|0,00|0,00|0,00|0,00|0,00|||||
|C170|001|101||40,00000|000001|0,00|0,00|0|102|1201|1201|0,00|0,00|0,00|0,00|0,00|0,00|0|01||0,00|0,00|0,00|54||||||54||||||||
|C190|102|1201|0,00|0,00|0,00|0,00|0,00|0,00|0,00|0,00||
|C100|0|1|8|55|00|920|000001485|42210800000396001904559200000014851001096889|12082021|12082021|0,00|2|0,00|0,00|0,00|0|0,00|0,00|0,00|0,00|0,00|0,00|0,00|0,00|||||
|C170|001|101||40,00000|000001|0,00|0,00|0|102|1201|1201|0,00|0,00|0,00|0,00|0,00|0,00|0|01||0,00|0,00|0,00|54||||||54||||||||
|C190|102|1201|0,00|0,00|0,00|0,00|0,00|0,00|0,00|0,00||
|C100|0|1|8|55|00|920|000001489|42210800000396001904559200000014891001097205|12082021|12082021|0,00|2|0,00|0,00|0,00|0|0,00|0,00|0,00|0,00|0,00|0,00|0,00|0,00|||||
|C170|001|101||40,00000|000001|0,00|0,00|0|102|1201|1201|0,00|0,00|0,00|0,00|0,00|0,00|0|01||0,00|0,00|0,00|54||||||54||||||||
|C190|102|1201|0,00|0,00|0,00|0,00|0,00|0,00|0,00|0,00||
|C100|0|1|8|55|00|920|000001493|42210800000396001904559200000014931001097607|12082021|12082021|0,00|2|0,00|0,00|0,00|0|0,00|0,00|0,00|0,00|0,00|0,00|0,00|0,00|||||
|C170|001|101||40,00000|000001|0,00|0,00|0|102|1201|1201|0,00|0,00|0,00|0,00|0,00|0,00|0|01||0,00|0,00|0,00|54||||||54||||||||
|C190|102|1201|0,00|0,00|0,00|0,00|0,00|0,00|0,00|0,00||
|C100|0|1|8|55|00|920|000001497|42210800000396001904559200000014971001098645|16082021|16082021|0,00|2|0,00|0,00|0,00|0|0,00|0,00|0,00|0,00|0,00|0,00|0,00|0,00|||||
|C170|001|101||40,00000|000001|0,00|0,00|0|102|1201|1201|0,00|0,00|0,00|0,00|0,00|0,00|0|01||0,00|0,00|0,00|54||||||54||||||||
|C190|102|1201|0,00|0,00|0,00|0,00|0,00|0,00|0,00|0,00||
|C100|0|1|8|55|00|920|000001498|42210800000396001904559200000014981001098880|16082021|16082021|0,00|2|0,00|0,00|0,00|0|0,00|0,00|0,00|0,00|0,00|0,00|0,00|0,00|||||
|C170|001|101||40,00000|000001|0,00|0,00|0|102|1201|1201|0,00|0,00|0,00|0,00|0,00|0,00|0|01||0,00|0,00|0,00|54||||||54||||||||
|C190|102|1201|0,00|0,00|0,00|0,00|0,00|0,00|0,00|0,00||
|C100|0|1|8|55|00|920|000001499|42210800000396001904559200000014991001102647|19082021|19082021|0,00|2|0,00|0,00|0,00|0|0,00|0,00|0,00|0,00|0,00|0,00|0,00|0,00|||||
|C170|001|101||40,00000|000001|0,00|0,00|0|102|1201|1201|0,00|0,00|0,00|0,00|0,00|0,00|0|01||0,00|0,00|0,00|54||||||54||||||||
|C190|102|1201|0,00|0,00|0,00|0,00|0,00|0,00|0,00|0,00||
|C100|0|1|8|55|00|920|000001500|42210800000396001904559200000015001001106009|23082021|23082021|0,00|2|0,00|0,00|0,00|0|0,00|0,00|0,00|0,00|0,00|0,00|0,00|0,00|||||
|C170|001|101||40,00000|000001|0,00|0,00|0|102|1201|1201|0,00|0,00|0,00|0,00|0,00|0,00|0|01||0,00|0,00|0,00|54||||||54||||||||
|C190|102|1201|0,00|0,00|0,00|0,00|0,00|0,00|0,00|0,00||
|C100|0|1|8|55|00|920|000001501|42210800000396001904559200000015011001106081|23082021|23082021|0,00|2|0,00|0,00|0,00|0|0,00|0,00|0,00|0,00|0,00|0,00|0,00|0,00|||||
|C170|001|101||40,00000|000001|0,00|0,00|0|102|1201|1201|0,00|0,00|0,00|0,00|0,00|0,00|0|01||0,00|0,00|0,00|54||||||54||||||||
|C190|102|1201|0,00|0,00|0,00|0,00|0,00|0,00|0,00|0,00||
|C100|0|1|8|55|00|920|000001502|42210800000396001904559200000015021001106160|23082021|23082021|0,00|2|0,00|0,00|0,00|0|0,00|0,00|0,00|0,00|0,00|0,00|0,00|0,00|||||
|C170|001|101||40,00000|000001|0,00|0,00|0|102|1201|1201|0,00|0,00|0,00|0,00|0,00|0,00|0|01||0,00|0,00|0,00|54||||||54||||||||
|C190|102|1201|0,00|0,00|0,00|0,00|0,00|0,00|0,00|0,00||
|C100|0|1|8|55|00|920|000001503|42210800000396001904559200000015031001108402|24082021|24082021|0,00|2|0,00|0,00|0,00|0|0,00|0,00|0,00|0,00|0,00|0,00|0,00|0,00|||||
|C170|001|101||40,00000|000001|0,00|0,00|0|102|1201|1201|0,00|0,00|0,00|0,00|0,00|0,00|0|01||0,00|0,00|0,00|54||||||54||||||||
|C190|102|1201|0,00|0,00|0,00|0,00|0,00|0,00|0,00|0,00||
|C100|0|1|8|55|00|920|000001504|42210800000396001904559200000015041001108728|24082021|24082021|0,00|2|0,00|0,00|0,00|0|0,00|0,00|0,00|0,00|0,00|0,00|0,00|0,00|||||
|C170|001|101||72,64000|000001|0,00|0,00|0|102|1201|1201|0,00|0,00|0,00|0,00|0,00|0,00|0|01||0,00|0,00|0,00|54||||||54||||||||
|C190|102|1201|0,00|0,00|0,00|0,00|0,00|0,00|0,00|0,00||
|C100|1|0|46|55|00|1|000008620|42210804586156000238550010000086201000013525|26082021|26082021|5000,00|2|0,00|0,00|5000,00|0|0,00|0,00|0,00|0,00|0,00|0,00|0,00|0,00|||||
|C190|000|5915|0,00|5000,00|0,00|0,00|0,00|0,00|0,00|0,00||
|C100|0|1|47|55|00|1|000000233|42210827439133000115550010000002331000001847|02082021|02082021|129,90|1|0,00|0,00|129,90|0|0,00|0,00|0,00|0,00|0,00|0,00|0,00|0,00|||||
|C170|001|1357||1,00000|000004|129,90|0,00|0|102|1556|1556|0,00|0,00|0,00|0,00|0,00|0,00|0|01||129,90|0,00|0,00|99||||||99||||||||
|C190|102|1556|0,00|129,90|0,00|0,00|0,00|0,00|0,00|0,00||
|C100|0|1|48|55|00|1|000009887|42210808844129000350550010000098871000415129|01082021|01082021|506,11|1|0,00|0,00|506,11|0|0,00|0,00|0,00|0,00|0,00|0,00|0,00|0,00|||||
|C170|001|1223||1,00000|000006|3,99|0,00|0|060|1556|1556|0,00|0,00|0,00|0,00|0,00|0,00|0|01||3,99|0,00|0,00|54||||||54||||||||
|C170|002|1358||43,06000|000010|244,53|0,00|0|060|1556|1556|0,00|0,00|0,00|0,00|0,00|0,00|0|01||244,53|0,00|0,00|99||||||99||||||||
|C170|003|1358||45,60000|000010|257,59|0,00|0|060|1556|1556|0,00|0,00|0,00|0,00|0,00|0,00|0|01||257,59|0,00|0,00|99||||||99||||||||
|C190|060|1556|0,00|506,11|0,00|0,00|0,00|0,00|0,00|0,00||
|C100|0|1|49|55|00|1|000339261|42210884939230000100550010003392611588448630|12082021|12082021|1261,76|1|0,00|0,00|1261,76|0|0,00|0,00|0,00|0,00|0,00|0,00|0,00|0,00|||||
|C170|001|1356||2,00000|000017|955,76|0,00|0|060|1556|1556|0,00|0,00|0,00|0,00|0,00|0,00|0|01||955,76|0,00|0,00|54||||||54||||||||
|C170|002|1356||1,00000|000017|306,00|0,00|0|060|1556|1556|0,00|0,00|0,00|0,00|0,00|0,00|0|01||306,00|0,00|0,00|54||||||54||||||||
|C190|060|1556|0,00|1261,76|0,00|0,00|0,00|0,00|0,00|0,00||
|C100|0|1|42|55|00|1|000015649|42210813677363000108550010000156491136773635|06082021|06082021|185,40|1|0,00|0,00|185,40|0|0,00|0,00|0,00|0,00|0,00|0,00|0,00|0,00|||||
|C170|001|1360||10,00000|000016|82,60|0,00|0|102|1556|1556|0,00|0,00|0,00|0,00|0,00|0,00|0|01||82,60|0,00|0,00|99||||||99||||||||
|C170|002|1353||12,00000|000016|93,60|0,00|0|102|1556|1556|0,00|0,00|0,00|0,00|0,00|0,00|0|01||93,60|0,00|0,00|99||||||99||||||||
|C170|003|1359||10,00000|000002|9,20|0,00|0|102|1556|1556|0,00|0,00|0,00|0,00|0,00|0,00|0|01||9,20|0,00|0,00|99||||||99||||||||
|C190|102|1556|0,00|185,40|0,00|0,00|0,00|0,00|0,00|0,00||
|C100|0|1|36|55|00|1|000074674|41210881639429000125550010000746741001090380|11082021|11082021|1017,17|1|0,00|0,00|1017,17|0|0,00|0,00|0,00|0,00|0,00|0,00|0,00|0,00|||||
|C170|001|1206||236,55200|000015|1017,17|0,00|0|090|2556|2556|0,00|0,00|0,00|0,00|0,00|0,00|0|01||1017,17|0,00|0,00|54||||||54||||||||
|C190|090|2556|0,00|1017,17|0,00|0,00|0,00|0,00|0,00|0,00||
|C100|0|1|50|55|00|1|000000125|41210828142061000102550010000001251711131089|10082021|10082021|2779,80|1|0,00|0,00|2779,80|0|0,00|0,00|0,00|0,00|0,00|0,00|0,00|0,00|||||
|C170|001|1362||2,00000|000006|504,00|0,00|0|101|2556|2556|0,00|0,00|0,00|0,00|0,00|0,00|0|01||504,00|0,00|0,00|54||||||54||||||||
|C170|002|937||2,00000|000002|816,80|0,00|0|101|2556|2556|0,00|0,00|0,00|0,00|0,00|0,00|0|01||816,80|0,00|0,00|54||||||54||||||||
|C170|003|937||1,00000|000002|302,60|0,00|0|101|2556|2556|0,00|0,00|0,00|0,00|0,00|0,00|0|01||302,60|0,00|0,00|54||||||54||||||||
|C170|004|1361||1,00000|000006|1156,40|0,00|0|101|2556|2556|0,00|0,00|0,00|0,00|0,00|0,00|0|01||1156,40|0,00|0,00|54||||||54||||||||
|C190|101|2556|0,00|2779,80|0,00|0,00|0,00|0,00|0,00|0,00||
|C100|0|1|51|55|00|1|000033277|42210879240354000678550010000332771100087341|17082021|17082021|242,00|1|0,00|0,00|242,00|0|0,00|0,00|0,00|0,00|0,00|110,00|0,00|0,00|||||
|C170|001|1203||7,00000|000013|112,00|0,00|0|090|1556|1556|0,00|0,00|0,00|0,00|0,00|0,00|0|01||112,00|0,00|0,00|99||||||99||||||||
|C170|002|1368||2,00000|000006|20,00|0,00|0|090|1556|1556|0,00|0,00|0,00|0,00|0,00|0,00|0|01||20,00|0,00|0,00|99||||||99||||||||
|C170|003|1365||1,00000|000006|110,00|0,00|0|090|1556|1556|0,00|0,00|0,00|0,00|0,00|0,00|0|01||110,00|0,00|0,00|99||||||99||||||||
|C190|090|1556|0,00|242,00|0,00|0,00|0,00|0,00|0,00|0,00||
|C100|0|1|48|55|00|1|000009947|42210808844129000350550010000099471000418560|16082021|16082021|335,49|1|0,00|0,00|335,49|0|0,00|0,00|0,00|0,00|0,00|0,00|0,00|0,00|||||
|C170|001|1358||9,65200|000010|55,48|0,00|0|060|1556|1556|0,00|0,00|0,00|0,00|0,00|0,00|0|01||55,48|0,00|0,00|99||||||99||||||||
|C170|002|1356||2,00000|000017|14,00|0,00|0|060|1556|1556|0,00|0,00|0,00|0,00|0,00|0,00|0|01||14,00|0,00|0,00|54||||||54||||||||
|C170|003|1358||45,48100|000010|266,01|0,00|0|060|1556|1556|0,00|0,00|0,00|0,00|0,00|0,00|0|01||266,01|0,00|0,00|99||||||99||||||||
|C190|060|1556|0,00|335,49|0,00|0,00|0,00|0,00|0,00|0,00||
|C100|0|1|52|55|00|1|000001672|42210820723339000123550010000016721000016738|04082021|04082021|4218,00|1|0,00|0,00|4218,00|0|0,00|0,00|0,00|0,00|0,00|0,00|0,00|0,00|||||
|C170|001|1378||38,00000|000006|338,20|0,00|0|102|1556|1556|0,00|0,00|0,00|0,00|0,00|0,00|0|01||338,20|0,00|0,00|99||||||99||||||||
|C170|002|1372||38,00000|000006|144,02|0,00|0|102|1556|1556|0,00|0,00|0,00|0,00|0,00|0,00|0|01||144,02|0,00|0,00|99||||||99||||||||
|C170|003|1371||38,00000|000006|182,02|0,00|0|102|1556|1556|0,00|0,00|0,00|0,00|0,00|0,00|0|01||182,02|0,00|0,00|99||||||99||||||||
|C170|004|1370||38,00000|000006|417,62|0,00|0|102|1556|1556|0,00|0,00|0,00|0,00|0,00|0,00|0|01||417,62|0,00|0,00|99||||||99||||||||
|C170|005|1369||38,00000|000006|497,42|0,00|0|102|1556|1556|0,00|0,00|0,00|0,00|0,00|0,00|0|01||497,42|0,00|0,00|99||||||99||||||||
|C170|006|1367||38,00000|000006|61,56|0,00|0|102|1556|1556|0,00|0,00|0,00|0,00|0,00|0,00|0|01||61,56|0,00|0,00|99||||||99||||||||
|C170|007|1366||38,00000|000006|571,14|0,00|0|102|1556|1556|0,00|0,00|0,00|0,00|0,00|0,00|0|01||571,14|0,00|0,00|99||||||99||||||||
|C170|008|1373||38,00000|000006|558,60|0,00|0|102|1556|1556|0,00|0,00|0,00|0,00|0,00|0,00|0|01||558,60|0,00|0,00|54||||||54||||||||
|C170|009|1376||38,00000|000006|106,02|0,00|0|102|1556|1556|0,00|0,00|0,00|0,00|0,00|0,00|0|01||106,02|0,00|0,00|99||||||99||||||||
|C170|010|1377||38,00000|000006|53,20|0,00|0|102|1556|1556|0,00|0,00|0,00|0,00|0,00|0,00|0|01||53,20|0,00|0,00|99||||||99||||||||
|C170|011|1379||38,00000|000006|60,80|0,00|0|102|1556|1556|0,00|0,00|0,00|0,00|0,00|0,00|0|01||60,80|0,00|0,00|99||||||99||||||||
|C170|012|1375||38,00000|000006|896,80|0,00|0|102|1556|1556|0,00|0,00|0,00|0,00|0,00|0,00|0|01||896,80|0,00|0,00|99||||||99||||||||
|C170|013|1374||38,00000|000006|330,60|0,00|0|102|1556|1556|0,00|0,00|0,00|0,00|0,00|0,00|0|01||330,60|0,00|0,00|99||||||99||||||||
|C190|102|1556|0,00|4218,00|0,00|0,00|0,00|0,00|0,00|0,00||
|C100|0|1|53|55|00|1|000009687|42210809283638000151550010000096871000762441|23082021|23082021|456,00|1|114,00|0,00|570,00|0|0,00|0,00|0,00|0,00|0,00|0,00|0,00|0,00|||||
|C170|001|1380||12,00000|000006|150,00|30,00|0|102|1556|1556|0,00|0,00|0,00|0,00|0,00|0,00|0|01||150,00|0,00|0,00|99||||||99||||||||
|C170|002|175||3,00000|000010|420,00|84,00|0|102|1556|1556|0,00|0,00|0,00|0,00|0,00|0,00|0|01||420,00|0,00|0,00|54||||||54||||||||
|C190|102|1556|0,00|456,00|0,00|0,00|0,00|0,00|0,00|0,00||
|C100|0|1|54|55|00|1|000124290|41210801807349000100550010001242901007185467|18082021|18082021|634,87|1|0,00|0,00|634,87|0|0,00|0,00|0,00|0,00|0,00|0,00|0,00|0,00|||||
|C170|001|1206||147,99000|000015|634,88|0,00|0|060|2556|2556|0,00|0,00|0,00|0,00|0,00|0,00|0|01||634,88|0,00|0,00|54||||||54||||||||
|C190|060|2556|0,00|634,88|0,00|0,00|0,00|0,00|0,00|0,00||
|C100|0|1|13|55|00|1|000002851|42210814211243000183550010000028511629426027|27082021|27082021|27353,60|1|0,00|0,00|27353,60|0|0,00|0,00|0,00|0,00|0,00|0,00|0,00|0,00|||||
|C170|001|101||170,96000|000001|27353,60|0,00|0|051|1101|1101|0,00|0,00|0,00|0,00|0,00|0,00|0|01||27353,60|0,00|0,00|54||||||54||||||||
|C190|051|1101|0,00|27353,60|0,00|0,00|0,00|0,00|0,00|0,00||
|C100|0|1|8|55|00|920|000001505|42210800000396001904559200000015051001112889|30082021|30082021|0,00|2|0,00|0,00|0,00|0|0,00|0,00|0,00|0,00|0,00|0,00|0,00|0,00|||||
|C170|001|101||40,00000|000001|0,00|0,00|0|102|1201|1201|0,00|0,00|0,00|0,00|0,00|0,00|0|01||0,00|0,00|0,00|54||||||54||||||||
|C190|102|1201|0,00|0,00|0,00|0,00|0,00|0,00|0,00|0,00||
|C100|0|0|8|55|00|1|000008621|42210804586156000238550010000086211000009835|30082021|30082021|16000,00|1|0,00|0,00|16000,00|0|0,00|0,00|0,00|0,00|0,00|0,00|0,00|0,00|||||
|C190|051|1101|0,00|16000,00|0,00|0,00|0,00|0,00|0,00|0,00||
|C100|0|1|8|55|00|920|000001506|42210800000396001904559200000015061001112967|30082021|30082021|0,00|2|0,00|0,00|0,00|0|0,00|0,00|0,00|0,00|0,00|0,00|0,00|0,00|||||
|C170|001|101||40,00000|000001|0,00|0,00|0|102|1201|1201|0,00|0,00|0,00|0,00|0,00|0,00|0|01||0,00|0,00|0,00|54||||||54||||||||
|C190|102|1201|0,00|0,00|0,00|0,00|0,00|0,00|0,00|0,00||
|C100|0|0|8|55|00|1|000008622|42210804586156000238550010000086221000009832|30082021|30082021|16000,00|1|0,00|0,00|16000,00|0|0,00|0,00|0,00|0,00|0,00|0,00|0,00|0,00|||||
|C190|051|1101|0,00|16000,00|0,00|0,00|0,00|0,00|0,00|0,00||
|C100|0|1|55|55|00|1|000002878|41210820302729000120550010000028781530023165|18082021|18082021|31869,75|1|0,00|0,00|31869,75|1|0,00|0,00|0,00|0,00|0,00|0,00|0,00|0,00|||||
|C170|001|015||42,49300|000003|31869,75|0,00|0|102|2101|2101|0,00|0,00|0,00|0,00|0,00|0,00|0|01||31869,75|0,00|0,00|54||||||54||||||||
|C190|102|2101|0,00|31869,75|0,00|0,00|0,00|0,00|0,00|0,00||
|C100|0|1|13|55|00|1|000002759|42210814211243000183550010000027591397746985|17082021|17082021|5782,40|1|0,00|0,00|5782,40|0|0,00|0,00|0,00|0,00|0,00|0,00|0,00|0,00|||||
|C170|001|101||36,14000|000001|5782,40|0,00|0|051|1101|1101|0,00|0,00|0,00|0,00|0,00|0,00|0|01||5782,40|0,00|0,00|54||||||54||||||||
|C190|051|1101|0,00|5782,40|0,00|0,00|0,00|0,00|0,00|0,00||
|C100|1|0|56|55|00|1|000008623|42210804586156000238550010000086231000009910|30082021|30082021|16938,02|1|0,00|0,00|16131,45|0|0,00|0,00|0,00|16131,45|2742,35|0,00|0,00|806,57|||||
|C190|000|5101|17,00|16938,02|16131,45|2742,35|0,00|0,00|0,00|806,57||
|C100|0|1|13|55|00|1|000002837|42210814211243000183550010000028371244670026|24082021|24082021|5600,00|1|0,00|0,00|5600,00|0|0,00|0,00|0,00|0,00|0,00|0,00|0,00|0,00|||||
|C170|001|101||35,00000|000001|5600,00|0,00|0|051|1101|1101|0,00|0,00|0,00|0,00|0,00|0,00|0|01||5600,00|0,00|0,00|54||||||54||||||||
|C190|051|1101|0,00|5600,00|0,00|0,00|0,00|0,00|0,00|0,00||
|C100|0|1|27|55|00|1|000072856|42210802361304000100550010000728561090000044|27082021|27082021|206,29|1|0,00|0,00|206,29|0|0,00|0,00|0,00|0,00|0,00|0,00|0,00|0,00|||||
|C170|001|1268||2,00000|000002|15,40|0,00|0|101|1556|1556|0,00|0,00|0,00|0,00|0,00|0,00|0|01||15,40|0,00|0,00|99||||||99||||||||
|C170|002|1267||1,00000|000002|9,90|0,00|0|101|1556|1556|0,00|0,00|0,00|0,00|0,00|0,00|0|01||9,90|0,00|0,00|99||||||99||||||||
|C170|003|1203||4,70000|000013|163,09|0,00|0|101|1556|1556|0,00|0,00|0,00|0,00|0,00|0,00|0|01||163,09|0,00|0,00|99||||||99||||||||
|C170|004|1204||1,00000|000002|17,90|0,00|0|101|1556|1556|0,00|0,00|0,00|0,00|0,00|0,00|0|01||17,90|0,00|0,00|99||||||99||||||||
|C190|101|1556|0,00|206,29|0,00|0,00|0,00|0,00|0,00|0,00||
|C100|0|1|13|55|00|1|000002861|42210814211243000183550010000028611349161208|30082021|30082021|5600,00|1|0,00|0,00|5600,00|0|0,00|0,00|0,00|0,00|0,00|0,00|0,00|0,00|||||
|C170|001|101||35,00000|000001|5600,00|0,00|0|051|1101|1101|0,00|0,00|0,00|0,00|0,00|0,00|0|01||5600,00|0,00|0,00|54||||||54||||||||
|C190|051|1101|0,00|5600,00|0,00|0,00|0,00|0,00|0,00|0,00||
|C100|0|1|37|55|00|1|000032784|42210816657643000142550010000327841000032198|30082021|30082021|15,00|1|0,00|0,00|15,00|0|0,00|0,00|0,00|0,00|0,00|0,00|0,00|0,00|||||
|C170|001|806||1,00000|000002|15,00|0,00|0|102|1556|1556|0,00|0,00|0,00|0,00|0,00|0,00|0|01||15,00|0,00|0,00|54||||||54||||||||
|C190|102|1556|0,00|15,00|0,00|0,00|0,00|0,00|0,00|0,00||
|C100|0|1|8|55|00|920|000001514|42210800000396001904559200000015141001115208|31082021|31082021|0,00|2|0,00|0,00|0,00|0|0,00|0,00|0,00|0,00|0,00|0,00|0,00|0,00|||||
|C170|001|101||40,00000|000001|0,00|0,00|0|102|1201|1201|0,00|0,00|0,00|0,00|0,00|0,00|0|01||0,00|0,00|0,00|54||||||54||||||||
|C190|102|1201|0,00|0,00|0,00|0,00|0,00|0,00|0,00|0,00||
|C100|0|0|8|55|00|1|000008624|42210804586156000238550010000086241000009837|31082021|31082021|16000,00|1|0,00|0,00|16000,00|0|0,00|0,00|0,00|0,00|0,00|0,00|0,00|0,00|||||
|C190|051|1101|0,00|16000,00|0,00|0,00|0,00|0,00|0,00|0,00||
|C100|0|1|8|55|00|920|000001516|42210800000396001904559200000015161001115369|31082021|31082021|0,00|2|0,00|0,00|0,00|0|0,00|0,00|0,00|0,00|0,00|0,00|0,00|0,00|||||
|C170|001|101||40,00000|000001|0,00|0,00|0|102|1201|1201|0,00|0,00|0,00|0,00|0,00|0,00|0|01||0,00|0,00|0,00|54||||||54||||||||
|C190|102|1201|0,00|0,00|0,00|0,00|0,00|0,00|0,00|0,00||
|C100|0|0|8|55|00|1|000008625|42210804586156000238550010000086251000009834|31082021|31082021|16000,00|1|0,00|0,00|16000,00|0|0,00|0,00|0,00|0,00|0,00|0,00|0,00|0,00|||||
|C190|051|1101|0,00|16000,00|0,00|0,00|0,00|0,00|0,00|0,00||
|C100|0|1|57|55|00|1|000048640|42210801184255000114550010000486401000526626|30082021|30082021|970,23|1|213,09|0,00|1183,32|0|0,00|0,00|0,00|0,00|0,00|0,00|0,00|0,00|||||
|C170|001|1384||0,30000|000007|6,55|1,18|0|101|1556|1556|0,00|0,00|0,00|0,00|0,00|0,00|0|01||6,55|0,00|0,00|99||||||99||||||||
|C170|002|1384||0,30000|000007|6,55|1,18|0|101|1556|1556|0,00|0,00|0,00|0,00|0,00|0,00|0|01||6,55|0,00|0,00|99||||||99||||||||
|C170|003|1384||0,30000|000007|4,97|0,90|0|101|1556|1556|0,00|0,00|0,00|0,00|0,00|0,00|0|01||4,97|0,00|0,00|99||||||99||||||||
|C170|004|1383||1,00000|000007|22,58|4,07|0|101|1556|1556|0,00|0,00|0,00|0,00|0,00|0,00|0|01||22,58|0,00|0,00|54||||||54||||||||
|C170|005|1383||0,30000|000007|151,82|27,34|0|101|1556|1556|0,00|0,00|0,00|0,00|0,00|0,00|0|01||151,82|0,00|0,00|54||||||54||||||||
|C170|006|1383||0,30000|000007|73,85|13,30|0|101|1556|1556|0,00|0,00|0,00|0,00|0,00|0,00|0|01||73,85|0,00|0,00|54||||||54||||||||
|C170|007|1383||0,30000|000007|15,35|2,76|0|101|1556|1556|0,00|0,00|0,00|0,00|0,00|0,00|0|01||15,35|0,00|0,00|54||||||54||||||||
|C170|008|1383||0,30000|000007|11,92|2,15|0|101|1556|1556|0,00|0,00|0,00|0,00|0,00|0,00|0|01||11,92|0,00|0,00|54||||||54||||||||
|C170|009|1382||0,30000|000007|12,52|2,25|0|101|1556|1556|0,00|0,00|0,00|0,00|0,00|0,00|0|01||12,52|0,00|0,00|99||||||99||||||||
|C170|010|1382||0,30000|000007|4,51|0,81|0|101|1556|1556|0,00|0,00|0,00|0,00|0,00|0,00|0|01||4,51|0,00|0,00|99||||||99||||||||
|C170|011|1262||0,60000|000002|16,80|3,03|0|101|1556|1556|0,00|0,00|0,00|0,00|0,00|0,00|0|01||16,80|0,00|0,00|54||||||54||||||||
|C170|012|1262||0,30000|000002|47,18|8,50|0|101|1556|1556|0,00|0,00|0,00|0,00|0,00|0,00|0|01||47,18|0,00|0,00|54||||||54||||||||
|C170|013|1262||0,30000|000002|40,00|7,20|0|101|1556|1556|0,00|0,00|0,00|0,00|0,00|0,00|0|01||40,00|0,00|0,00|54||||||54||||||||
|C170|014|1262||0,30000|000002|32,82|5,91|0|101|1556|1556|0,00|0,00|0,00|0,00|0,00|0,00|0|01||32,82|0,00|0,00|54||||||54||||||||
|C170|015|1262||0,30000|000002|15,18|2,73|0|101|1556|1556|0,00|0,00|0,00|0,00|0,00|0,00|0|01||15,18|0,00|0,00|54||||||54||||||||
|C170|016|1242||0,60000|000002|42,21|7,60|0|101|1556|1556|0,00|0,00|0,00|0,00|0,00|0,00|0|01||42,21|0,00|0,00|99||||||99||||||||
|C170|017|1242||0,30000|000002|49,40|8,90|0|101|1556|1556|0,00|0,00|0,00|0,00|0,00|0,00|0|01||49,40|0,00|0,00|99||||||99||||||||
|C170|018|1242||0,30000|000002|40,23|7,24|0|101|1556|1556|0,00|0,00|0,00|0,00|0,00|0,00|0|01||40,23|0,00|0,00|99||||||99||||||||
|C170|019|1242||0,30000|000002|27,32|4,92|0|101|1556|1556|0,00|0,00|0,00|0,00|0,00|0,00|0|01||27,32|0,00|0,00|99||||||99||||||||
|C170|020|1242||0,30000|000002|11,61|2,09|0|101|1556|1556|0,00|0,00|0,00|0,00|0,00|0,00|0|01||11,61|0,00|0,00|99||||||99||||||||
|C170|021|1242||0,30000|000002|9,95|1,79|0|101|1556|1556|0,00|0,00|0,00|0,00|0,00|0,00|0|01||9,95|0,00|0,00|99||||||99||||||||
|C170|022|1242||0,30000|000002|6,56|1,18|0|101|1556|1556|0,00|0,00|0,00|0,00|0,00|0,00|0|01||6,56|0,00|0,00|99||||||99||||||||
|C170|023|1242||0,30000|000002|5,84|1,05|0|101|1556|1556|0,00|0,00|0,00|0,00|0,00|0,00|0|01||5,84|0,00|0,00|99||||||99||||||||
|C170|024|1242||0,30000|000002|4,73|0,85|0|101|1556|1556|0,00|0,00|0,00|0,00|0,00|0,00|0|01||4,73|0,00|0,00|99||||||99||||||||
|C170|025|1242||0,30000|000002|4,51|0,81|0|101|1556|1556|0,00|0,00|0,00|0,00|0,00|0,00|0|01||4,51|0,00|0,00|99||||||99||||||||
|C170|026|1205||0,60000|000006|16,80|3,03|0|101|1556|1556|0,00|0,00|0,00|0,00|0,00|0,00|0|01||16,80|0,00|0,00|99||||||99||||||||
|C170|027|1205||0,30000|000006|23,97|4,32|0|101|1556|1556|0,00|0,00|0,00|0,00|0,00|0,00|0|01||23,97|0,00|0,00|99||||||99||||||||
|C170|028|1205||0,30000|000006|18,58|3,35|0|101|1556|1556|0,00|0,00|0,00|0,00|0,00|0,00|0|01||18,58|0,00|0,00|99||||||99||||||||
|C170|029|1205||0,30000|000006|12,60|2,27|0|101|1556|1556|0,00|0,00|0,00|0,00|0,00|0,00|0|01||12,60|0,00|0,00|99||||||99||||||||
|C170|030|1205||0,30000|000006|4,97|0,90|0|101|1556|1556|0,00|0,00|0,00|0,00|0,00|0,00|0|01||4,97|0,00|0,00|99||||||99||||||||
|C170|031|1205||0,30000|000006|4,97|0,90|0|101|1556|1556|0,00|0,00|0,00|0,00|0,00|0,00|0|01||4,97|0,00|0,00|99||||||99||||||||
|C170|032|1205||0,30000|000006|2,90|0,52|0|101|1556|1556|0,00|0,00|0,00|0,00|0,00|0,00|0|01||2,90|0,00|0,00|99||||||99||||||||
|C170|033|1205||0,30000|000006|2,90|0,52|0|101|1556|1556|0,00|0,00|0,00|0,00|0,00|0,00|0|01||2,90|0,00|0,00|99||||||99||||||||
|C170|034|806||0,20000|000002|58,17|10,48|0|090|1556|1556|0,00|0,00|0,00|0,00|0,00|0,00|0|01||58,17|0,00|0,00|54||||||54||||||||
|C170|035|1382||0,30000|000007|4,73|0,85|0|101|1556|1556|0,00|0,00|0,00|0,00|0,00|0,00|0|01||4,73|0,00|0,00|99||||||99||||||||
|C170|036|1383||0,30000|000007|15,75|2,84|0|500|1556|1556|0,00|0,00|0,00|0,00|0,00|0,00|0|01||15,75|0,00|0,00|54||||||54||||||||
|C170|037|1205||0,27000|000006|1,00|0,18|0|500|1556|1556|0,00|0,00|0,00|0,00|0,00|0,00|0|01||1,00|0,00|0,00|99||||||99||||||||
|C170|038|901||30,00000|000002|37,50|6,75|0|101|1556|1556|0,00|0,00|0,00|0,00|0,00|0,00|0|01||37,50|0,00|0,00|54||||||54||||||||
|C170|039|901||0,30000|000002|113,05|20,36|0|101|1556|1556|0,00|0,00|0,00|0,00|0,00|0,00|0|01||113,05|0,00|0,00|54||||||54||||||||
|C170|040|901||0,30000|000002|89,25|16,07|0|101|1556|1556|0,00|0,00|0,00|0,00|0,00|0,00|0|01||89,25|0,00|0,00|54||||||54||||||||
|C170|041|901||0,30000|000002|37,95|6,83|0|101|1556|1556|0,00|0,00|0,00|0,00|0,00|0,00|0|01||37,95|0,00|0,00|54||||||54||||||||
|C170|042|901||0,30000|000002|4,05|0,73|0|101|1556|1556|0,00|0,00|0,00|0,00|0,00|0,00|0|01||4,05|0,00|0,00|54||||||54||||||||
|C170|043|802||0,20000|000002|27,78|5,00|0|101|1556|1556|0,00|0,00|0,00|0,00|0,00|0,00|0|01||27,78|0,00|0,00|54||||||54||||||||
|C170|044|1384||0,30000|000007|22,86|4,12|0|101|1556|1556|0,00|0,00|0,00|0,00|0,00|0,00|0|01||22,86|0,00|0,00|99||||||99||||||||
|C170|045|1384||0,30000|000007|18,58|3,35|0|101|1556|1556|0,00|0,00|0,00|0,00|0,00|0,00|0|01||18,58|0,00|0,00|99||||||99||||||||
|C190|101|1556|0,00|908,80|0,00|0,00|0,00|0,00|0,00|0,00||
|C190|090|1556|0,00|47,69|0,00|0,00|0,00|0,00|0,00|0,00||
|C190|500|1556|0,00|13,74|0,00|0,00|0,00|0,00|0,00|0,00||
|C100|0|1|58|55|00|4|000206684|42210879653614000122550040002066841517036936|30082021|30082021|360,00|1|0,00|0,00|360,00|0|0,00|0,00|0,00|0,00|0,00|0,00|0,00|0,00|||||
|C170|001|1387||1,00000|000006|360,00|0,00|0|090|1556|1556|0,00|0,00|0,00|0,00|0,00|0,00|0|01||360,00|0,00|0,00|99||||||99||||||||
|C190|090|1556|0,00|360,00|0,00|0,00|0,00|0,00|0,00|0,00||
|C100|0|1|27|55|00|1|000072889|42210802361304000100550010000728891300004092|30082021|30082021|751,40|1|0,00|0,00|751,40|0|0,00|0,00|0,00|0,00|0,00|0,00|0,00|0,00|||||
|C170|001|202||2,00000|000006|69,40|0,00|0|500|1556|1556|0,00|0,00|0,00|0,00|0,00|0,00|0|01||69,40|0,00|0,00|54||||||54||||||||
|C170|002|945||2,00000|000002|54,80|0,00|0|500|1556|1556|0,00|0,00|0,00|0,00|0,00|0,00|0|01||54,80|0,00|0,00|99||||||99||||||||
|C170|003|1235||10,00000|000002|33,00|0,00|0|101|1556|1556|0,00|0,00|0,00|0,00|0,00|0,00|0|01||33,00|0,00|0,00|99||||||99||||||||
|C170|004|1389||2,00000|000002|42,00|0,00|0|500|1556|1556|0,00|0,00|0,00|0,00|0,00|0,00|0|01||42,00|0,00|0,00|54||||||54||||||||
|C170|005|844||1,00000|000002|235,50|0,00|0|101|1556|1556|0,00|0,00|0,00|0,00|0,00|0,00|0|01||235,50|0,00|0,00|99||||||99||||||||
|C170|006|811||1,00000|000002|43,60|0,00|0|101|1556|1556|0,00|0,00|0,00|0,00|0,00|0,00|0|01||43,60|0,00|0,00|54||||||54||||||||
|C170|007|1388||3,00000|000002|41,70|0,00|0|101|1556|1556|0,00|0,00|0,00|0,00|0,00|0,00|0|01||41,70|0,00|0,00|99||||||99||||||||
|C170|008|1316||10,00000|000006|81,00|0,00|0|101|1556|1556|0,00|0,00|0,00|0,00|0,00|0,00|0|01||81,00|0,00|0,00|99||||||99||||||||
|C170|009|1253||10,00000|000002|44,00|0,00|0|101|1556|1556|0,00|0,00|0,00|0,00|0,00|0,00|0|01||44,00|0,00|0,00|99||||||99||||||||
|C170|010|1248||10,00000|000002|38,00|0,00|0|101|1556|1556|0,00|0,00|0,00|0,00|0,00|0,00|0|01||38,00|0,00|0,00|99||||||99||||||||
|C170|011|1389||2,00000|000002|68,40|0,00|0|500|1556|1556|0,00|0,00|0,00|0,00|0,00|0,00|0|01||68,40|0,00|0,00|54||||||54||||||||
|C190|500|1556|0,00|234,60|0,00|0,00|0,00|0,00|0,00|0,00||
|C190|101|1556|0,00|516,80|0,00|0,00|0,00|0,00|0,00|0,00||
|C100|0|1|8|55|00|920|000001519|42210800000396001904559200000015191001115603|31082021|31082021|0,00|2|0,00|0,00|0,00|0|0,00|0,00|0,00|0,00|0,00|0,00|0,00|0,00|||||
|C170|001|101||40,00000|000001|0,00|0,00|0|102|1201|1201|0,00|0,00|0,00|0,00|0,00|0,00|0|01||0,00|0,00|0,00|54||||||54||||||||
|C190|102|1201|0,00|0,00|0,00|0,00|0,00|0,00|0,00|0,00||
|C100|0|0|8|55|00|1|000008626|42210804586156000238550010000086261000009831|31082021|31082021|16000,00|1|0,00|0,00|16000,00|0|0,00|0,00|0,00|0,00|0,00|0,00|0,00|0,00|||||
|C190|051|1101|0,00|16000,00|0,00|0,00|0,00|0,00|0,00|0,00||
|C100|0|1|21|55|00|1|000004270|42210893359032000754550010000042701005095709|31082021|31082021|8888,48|1|0,00|0,00|8888,48|0|0,00|0,00|0,00|0,00|0,00|0,00|0,00|0,00|||||
|C170|001|1200||584,00000|000006|8888,48|0,00|0|090|1556|1556|0,00|0,00|0,00|0,00|0,00|0,00|0|01||8888,48|0,00|0,00|99||||||99||||||||
|C190|090|1556|0,00|8888,48|0,00|0,00|0,00|0,00|0,00|0,00||
|C100|0|1|8|55|00|920|000001531|42210800000396001904559200000015311001117368|31082021|31082021|0,00|2|0,00|0,00|0,00|0|0,00|0,00|0,00|0,00|0,00|0,00|0,00|0,00|||||
|C170|001|101||60,78000|000001|0,00|0,00|0|102|1201|1201|0,00|0,00|0,00|0,00|0,00|0,00|0|01||0,00|0,00|0,00|54||||||54||||||||
|C190|102|1201|0,00|0,00|0,00|0,00|0,00|0,00|0,00|0,00||
|C100|0|0|8|55|00|1|000008628|42210804586156000238550010000086281000009836|31082021|31082021|24312,00|1|0,00|0,00|24312,00|0|0,00|0,00|0,00|0,00|0,00|0,00|0,00|0,00|||||
|C190|051|1101|0,00|24312,00|0,00|0,00|0,00|0,00|0,00|0,00||
|C100|0|1|13|55|00|1|000002863|42210814211243000183550010000028631914957338|30082021|30082021|5600,00|1|0,00|0,00|5600,00|0|0,00|0,00|0,00|0,00|0,00|0,00|0,00|0,00|||||
|C170|001|101||35,00000|000001|5600,00|0,00|0|051|1101|1101|0,00|0,00|0,00|0,00|0,00|0,00|0|01||5600,00|0,00|0,00|54||||||54||||||||
|C190|051|1101|0,00|5600,00|0,00|0,00|0,00|0,00|0,00|0,00||
|C100|0|1|59|55|00|5|000000129|42210808780814000106550050000001291599987099|26082021|26082021|180,00|1|0,00|0,00|180,00|0|0,00|0,00|0,00|0,00|0,00|0,00|0,00|0,00|||||
|C170|001|1390||1,00000|000006|180,00|0,00|0|101|1556|1556|0,00|0,00|0,00|0,00|0,00|0,00|0|01||180,00|0,00|0,00|99||||||99||||||||
|C190|101|1556|0,00|180,00|0,00|0,00|0,00|0,00|0,00|0,00||
|C100|0|1|27|55|00|1|000072932|42210802361304000100550010000729321600900932|31082021|31082021|184,96|1|0,00|0,00|184,96|0|0,00|0,00|0,00|0,00|0,00|0,00|0,00|0,00|||||
|C170|001|1232||1,00000|000011|10,50|0,00|0|500|1556|1556|0,00|0,00|0,00|0,00|0,00|0,00|0|01||10,50|0,00|0,00|99||||||99||||||||
|C170|002|1267||2,00000|000002|36,20|0,00|0|101|1556|1556|0,00|0,00|0,00|0,00|0,00|0,00|0|01||36,20|0,00|0,00|99||||||99||||||||
|C170|003|944||2,00000|000002|25,40|0,00|0|101|1556|1556|0,00|0,00|0,00|0,00|0,00|0,00|0|01||25,40|0,00|0,00|99||||||99||||||||
|C170|004|1265||3,20000|000013|69,76|0,00|0|500|1556|1556|0,00|0,00|0,00|0,00|0,00|0,00|0|01||69,76|0,00|0,00|99||||||99||||||||
|C170|005|1266||1,00000|000002|18,20|0,00|0|101|1556|1556|0,00|0,00|0,00|0,00|0,00|0,00|0|01||18,20|0,00|0,00|99||||||99||||||||
|C170|006|1266||1,00000|000002|24,90|0,00|0|101|1556|1556|0,00|0,00|0,00|0,00|0,00|0,00|0|01||24,90|0,00|0,00|99||||||99||||||||
|C190|500|1556|0,00|80,26|0,00|0,00|0,00|0,00|0,00|0,00||
|C190|101|1556|0,00|104,70|0,00|0,00|0,00|0,00|0,00|0,00||
|C100|0|1|60|55|00|1|000028951|42210883164335000172550010000289511084665700|31082021|31082021|1977,98|1|0,00|0,00|1939,20|0|0,00|0,00|0,00|1939,20|232,70|0,00|0,00|38,78|||||
|C170|001|1391||4,00000|000018|321,00|0,00|0|000|1101|1101|321,00|12,00|38,52|0,00|0,00|0,00|0|00||321,00|2,00|6,42|54||||||54||||||||
|C170|002|328||4,00000|000005|1618,20|0,00|0|000|1101|1101|1618,20|12,00|194,18|0,00|0,00|0,00|0|00||1618,20|2,00|32,36|54||||||54||||||||
|C190|000|1101|12,00|1977,98|1939,20|232,70|0,00|0,00|0,00|38,78||
|C100|0|1|61|55|00|1|000004647|42210800239348000136550010000046471417516247|30082021|30082021|134,50|1|0,00|0,00|134,50|0|0,00|0,00|0,00|0,00|0,00|0,00|0,00|0,00|||||
|C170|001|1237||1,00000|000002|1,00|0,00|0|500|1556|1556|0,00|0,00|0,00|0,00|0,00|0,00|0|01||1,00|0,00|0,00|99||||||99||||||||
|C170|002|1236||1,00000|000002|3,50|0,00|0|090|1556|1556|0,00|0,00|0,00|0,00|0,00|0,00|0|01||3,50|0,00|0,00|99||||||99||||||||
|C170|003|1226||2,00000|000002|36,00|0,00|0|500|1556|1556|0,00|0,00|0,00|0,00|0,00|0,00|0|01||36,00|0,00|0,00|99||||||99||||||||
|C170|004|1245||1,00000|000002|58,00|0,00|0|500|1556|1556|0,00|0,00|0,00|0,00|0,00|0,00|0|01||58,00|0,00|0,00|99||||||99||||||||
|C170|005|1245||2,00000|000002|36,00|0,00|0|500|1556|1556|0,00|0,00|0,00|0,00|0,00|0,00|0|01||36,00|0,00|0,00|99||||||99||||||||
|C190|500|1556|0,00|134,06|0,00|0,00|0,00|0,00|0,00|0,00||
|C190|090|1556|0,00|3,58|0,00|0,00|0,00|0,00|0,00|0,00||
|C100|0|1|47|55|00|1|000000240|42210827439133000115550010000002401000001914|31082021|31082021|157,40|1|0,00|0,00|157,40|0|0,00|0,00|0,00|0,00|0,00|0,00|0,00|0,00|||||
|C170|001|1392||1,00000|000006|12,00|0,00|0|102|1556|1556|0,00|0,00|0,00|0,00|0,00|0,00|0|01||12,00|0,00|0,00|99||||||99||||||||
|C170|002|1393||1,00000|000006|15,50|0,00|0|102|1556|1556|0,00|0,00|0,00|0,00|0,00|0,00|0|01||15,50|0,00|0,00|99||||||99||||||||
|C170|003|1357||1,00000|000004|129,90|0,00|0|102|1556|1556|0,00|0,00|0,00|0,00|0,00|0,00|0|01||129,90|0,00|0,00|99||||||99||||||||
|C190|102|1556|0,00|157,40|0,00|0,00|0,00|0,00|0,00|0,00||
|C100|0|1|13|55|00|1|000002876|42210814211243000183550010000028761765942430|31082021|31082021|5600,00|1|0,00|0,00|5600,00|1|0,00|0,00|0,00|0,00|0,00|0,00|0,00|0,00|||||
|C170|001|101||35,00000|000001|5600,00|0,00|0|051|1101|1101|0,00|0,00|0,00|0,00|0,00|0,00|0|01||5600,00|0,00|0,00|54||||||54||||||||
|C190|051|1101|0,00|5600,00|0,00|0,00|0,00|0,00|0,00|0,00||
|C100|0|1|62|55|00|1|000007570|42210801250453000139550010000075701112504533|30082021|30082021|1759,50|1|0,00|0,00|1759,50|0|0,00|0,00|0,00|0,00|0,00|0,00|0,00|0,00|||||
|C170|001|1354||23,00000|000016|1759,50|0,00|0|090|1556|1556|0,00|0,00|0,00|0,00|0,00|0,00|0|01||1759,50|0,00|0,00|99||||||99||||||||
|C190|090|1556|0,00|1759,50|0,00|0,00|0,00|0,00|0,00|0,00||
|C100|0|1|63|55|00|1|000000225|42210818326204000344550010000002251005457461|31082021|31082021|5521,00|1|0,00|0,00|5521,00|0|0,00|0,00|0,00|0,00|0,00|0,00|0,00|0,00|||||
|C170|001|1397||35,00000|000006|5180,00|0,00|0|060|1556|1556|0,00|0,00|0,00|0,00|0,00|0,00|0|01||5180,00|0,00|0,00|99||||||99||||||||
|C170|002|1398||1,00000|000006|341,00|0,00|0|060|1556|1556|0,00|0,00|0,00|0,00|0,00|0,00|0|01||341,00|0,00|0,00|99||||||99||||||||
|C190|060|1556|0,00|5521,00|0,00|0,00|0,00|0,00|0,00|0,00||
|C100|0|1|64|55|00|1|000013527|41210803860727000137550010000135271536154892|07082021|07082021|43,00|1|0,00|0,00|43,00|0|0,00|0,00|0,00|0,00|0,00|0,00|0,00|0,00|||||
|C170|001|1401||1,00000|000006|43,00|0,00|0|900|2556|2556|0,00|0,00|0,00|0,00|0,00|0,00|0|01||43,00|0,00|0,00|99||||||99||||||||
|C190|900|2556|0,00|43,00|0,00|0,00|0,00|0,00|0,00|0,00||
|C100|0|1|65|55|00|1|000002150|42210805911967000149550010000021501705547501|20082021|20082021|52,00|1|0,00|0,00|52,00|0|0,00|0,00|0,00|0,00|0,00|0,00|0,00|0,00|||||
|C170|001|1256||24,00000|000013|48,00|0,00|0|101|1556|1556|0,00|0,00|0,00|0,00|0,00|0,00|0|01||48,00|0,00|0,00|54||||||54||||||||
|C170|002|1308||2,00000|000002|4,00|0,00|0|101|1556|1556|0,00|0,00|0,00|0,00|0,00|0,00|0|01||4,00|0,00|0,00|54||||||54||||||||
|C190|101|1556|0,00|52,00|0,00|0,00|0,00|0,00|0,00|0,00||
|C100|0|1|66|55|00|5|000002282|42210804574952000170550050000022821188851341|02082021|02082021|436,45|1|0,00|0,00|436,45|0|0,00|0,00|0,00|0,00|0,00|0,00|0,00|0,00|||||
|C170|001|1300||2,00000|000006|63,00|0,00|0|060|1556|1556|0,00|0,00|0,00|0,00|0,00|0,00|0|01||63,00|0,00|0,00|54||||||54||||||||
|C170|002|1314||1,00000|000006|29,90|0,00|0|090|1556|1556|0,00|0,00|0,00|0,00|0,00|0,00|0|01||29,90|0,00|0,00|99||||||99||||||||
|C170|003|1315||168,71000|000006|320,55|0,00|0|090|1556|1556|0,00|0,00|0,00|0,00|0,00|0,00|0|01||320,55|0,00|0,00|99||||||99||||||||
|C170|004|1313||2,00000|000006|23,00|0,00|0|090|1556|1556|0,00|0,00|0,00|0,00|0,00|0,00|0|01||23,00|0,00|0,00|99||||||99||||||||
|C190|060|1556|0,00|63,00|0,00|0,00|0,00|0,00|0,00|0,00||
|C190|090|1556|0,00|373,45|0,00|0,00|0,00|0,00|0,00|0,00||
|C100|0|1|58|55|00|4|000206678|42210879653614000122550040002066781246988661|30082021|30082021|952,50|1|0,00|0,00|952,50|0|0,00|0,00|0,00|0,00|0,00|0,00|0,00|0,00|||||
|C170|001|930||10,00000|000002|110,00|0,00|0|090|1556|1556|0,00|0,00|0,00|0,00|0,00|0,00|0|01||110,00|0,00|0,00|99||||||99||||||||
|C170|002|1386||10,00000|000005|320,00|0,00|0|090|1556|1556|0,00|0,00|0,00|0,00|0,00|0,00|0|01||320,00|0,00|0,00|54||||||54||||||||
|C170|003|918||7,00000|000002|84,00|0,00|0|090|1556|1556|0,00|0,00|0,00|0,00|0,00|0,00|0|01||84,00|0,00|0,00|99||||||99||||||||
|C170|004|928||50,00000|000002|395,00|0,00|0|090|1556|1556|0,00|0,00|0,00|0,00|0,00|0,00|0|01||395,00|0,00|0,00|99||||||99||||||||
|C170|005|929||6,00000|000002|43,50|0,00|0|090|1556|1556|0,00|0,00|0,00|0,00|0,00|0,00|0|01||43,50|0,00|0,00|99||||||99||||||||
|C190|090|1556|0,00|952,50|0,00|0,00|0,00|0,00|0,00|0,00||
|C100|0|1|23|55|00|1|000087210|42210885193902000144550010000872101944109872|23082021|23082021|1079,83|1|119,99|0,00|1199,82|0|0,00|0,00|0,00|0,00|0,00|0,00|0,00|0,00|||||
|C170|001|1350||2,00000|000006|12,72|1,27|0|090|1556|1556|0,00|0,00|0,00|0,00|0,00|0,00|0|01||12,72|0,00|0,00|99||||||99||||||||
|C170|002|1411||1,00000|000002|10,40|1,04|0|090|1556|1556|0,00|0,00|0,00|0,00|0,00|0,00|0|01||10,40|0,00|0,00|99||||||99||||||||
|C170|003|1412||2,00000|000006|128,06|12,81|0|090|1556|1556|0,00|0,00|0,00|0,00|0,00|0,00|0|01||128,06|0,00|0,00|54||||||54||||||||
|C170|004|169||2,00000|000010|445,12|44,52|0|090|1556|1556|0,00|0,00|0,00|0,00|0,00|0,00|0|01||445,12|0,00|0,00|54||||||54||||||||
|C170|005|1348||1053,64000|000019|526,82|52,69|0|090|1556|1556|0,00|0,00|0,00|0,00|0,00|0,00|0|01||526,82|0,00|0,00|99||||||99||||||||
|C170|006|1235||1,00000|000002|8,90|0,89|0|090|1556|1556|0,00|0,00|0,00|0,00|0,00|0,00|0|01||8,90|0,00|0,00|99||||||99||||||||
|C170|007|1326||1,00000|000020|22,95|2,30|0|090|1556|1556|0,00|0,00|0,00|0,00|0,00|0,00|0|01||22,95|0,00|0,00|99||||||99||||||||
|C170|008|1324||1,00000|000006|16,10|1,61|0|090|1556|1556|0,00|0,00|0,00|0,00|0,00|0,00|0|01||16,10|0,00|0,00|99||||||99||||||||
|C170|009|1248||2,00000|000002|10,80|1,08|0|090|1556|1556|0,00|0,00|0,00|0,00|0,00|0,00|0|01||10,80|0,00|0,00|99||||||99||||||||
|C170|010|1349||1,00000|000006|17,95|1,80|0|090|1556|1556|0,00|0,00|0,00|0,00|0,00|0,00|0|01||17,95|0,00|0,00|99||||||99||||||||
|C190|090|1556|0,00|1079,81|0,00|0,00|0,00|0,00|0,00|0,00||
|C100|0|1|67|55|00|2|000008785|41210807897939000301550020000087851472530450|05082021|05082021|544,82|1|41,01|0,00|585,83|0|0,00|0,00|0,00|0,00|0,00|0,00|0,00|0,00|||||
|C170|001|1270||1,00000|000002|19,07|1,33|0|060|2556|2556|0,00|0,00|0,00|0,00|0,00|0,00|0|01||19,07|0,00|0,00|99||||||99||||||||
|C170|002|1269||2,00000|000006|96,60|6,76|0|090|2556|2556|0,00|0,00|0,00|0,00|0,00|0,00|0|01||96,60|0,00|0,00|99||||||99||||||||
|C170|003|1273||1,00000|000002|93,82|6,57|0|060|2556|2556|0,00|0,00|0,00|0,00|0,00|0,00|0|01||93,82|0,00|0,00|54||||||54||||||||
|C170|004|1271||5,00000|000010|299,00|20,93|0|060|2556|2556|0,00|0,00|0,00|0,00|0,00|0,00|0|01||299,00|0,00|0,00|99||||||99||||||||
|C170|005|1272||1,00000|000006|77,34|5,41|0|160|2556|2556|0,00|0,00|0,00|0,00|0,00|0,00|0|01||77,34|0,00|0,00|99||||||99||||||||
|C190|060|2556|0,00|383,06|0,00|0,00|0,00|0,00|0,00|0,00||
|C190|090|2556|0,00|89,84|0,00|0,00|0,00|0,00|0,00|0,00||
|C190|160|2556|0,00|71,93|0,00|0,00|0,00|0,00|0,00|0,00||
|C100|0|1|68|55|00|5|000550101|42210879827473000117550050005501011159411834|24082021|24082021|1215,21|1|0,00|0,00|1215,21|0|0,00|0,00|0,00|0,00|0,00|0,00|0,00|0,00|||||
|C170|001|1381||3,00000|000002|1215,21|0,00|0|090|1556|1556|0,00|0,00|0,00|0,00|0,00|0,00|0|01||1215,21|0,00|0,00|99||||||99||||||||
|C190|090|1556|0,00|1215,21|0,00|0,00|0,00|0,00|0,00|0,00||
|C100|0|1|69|55|00|2|000102142|41210801964161000168550020001021421280439263|25082021|25082021|4900,00|1|0,00|0,00|4900,00|0|0,00|0,00|0,00|0,00|0,00|0,00|0,00|0,00|||||
|C170|001|1394||1,00000|000002|4900,00|0,00|0|090|2556|2556|0,00|0,00|0,00|0,00|0,00|0,00|0|01||4900,00|0,00|0,00|99||||||99||||||||
|C190|090|2556|0,00|4900,00|0,00|0,00|0,00|0,00|0,00|0,00||
|C100|0|1|70|55|00|1|000020235|41210815536864000108550010000202351798510112|30082021|30082021|318,00|1|0,00|0,00|318,00|0|0,00|0,00|0,00|0,00|0,00|0,00|0,00|0,00|||||
|C170|001|1385||1,00000|000006|318,00|0,00|0|090|2556|2556|0,00|0,00|0,00|0,00|0,00|0,00|0|01||318,00|0,00|0,00|99||||||99||||||||
|C190|090|2556|0,00|318,00|0,00|0,00|0,00|0,00|0,00|0,00||
|C100|0|1|51|55|00|1|000033263|42210879240354000678550010000332631100087206|16082021|16082021|127,15|1|0,00|0,00|127,15|0|0,00|0,00|0,00|0,00|0,00|0,00|0,00|0,00|||||
|C170|001|1364||1,00000|000006|24,15|0,00|0|090|1556|1556|0,00|0,00|0,00|0,00|0,00|0,00|0|01||24,15|0,00|0,00|99||||||99||||||||
|C170|002|1235||1,00000|000002|4,00|0,00|0|090|1556|1556|0,00|0,00|0,00|0,00|0,00|0,00|0|01||4,00|0,00|0,00|99||||||99||||||||
|C170|003|1363||33,00000|000006|99,00|0,00|0|090|1556|1556|0,00|0,00|0,00|0,00|0,00|0,00|0|01||99,00|0,00|0,00|99||||||99||||||||
|C190|090|1556|0,00|127,15|0,00|0,00|0,00|0,00|0,00|0,00||
|C100|0|1|71|55|00|3|000151138|41210879630174000198550030001511381820226423|18082021|18082021|602,67|1|0,00|0,00|602,67|0|0,00|0,00|0,00|0,00|0,00|0,00|0,00|0,00|||||
|C170|001|1270||1,00000|000002|454,93|0,00|0|090|2556|2556|0,00|0,00|0,00|0,00|0,00|0,00|0|01||454,93|0,00|0,00|99||||||99||||||||
|C170|002|1297||1,00000|000021|147,74|0,00|0|090|2556|2556|0,00|0,00|0,00|0,00|0,00|0,00|0|01||147,74|0,00|0,00|99||||||99||||||||
|C190|090|2556|0,00|602,67|0,00|0,00|0,00|0,00|0,00|0,00||
|C100|0|1|72|55|00|2|000415786|41210805063653000133550020004157861856218198|16082021|16082021|2310,91|1|0,00|0,00|2310,91|0|0,00|0,00|0,00|0,00|0,00|0,00|0,00|0,00|||||
|C170|001|1264||1,00000|000002|2310,91|0,00|0|090|2556|2556|0,00|0,00|0,00|0,00|0,00|0,00|0|01||2310,91|0,00|0,00|99||||||99||||||||
|C190|090|2556|0,00|2310,91|0,00|0,00|0,00|0,00|0,00|0,00||
|C100|0|1|34|55|00|1|000120125|42210885257145000125550010001201251767812214|10082021|10082021|206,00|1|0,00|0,00|206,00|0|0,00|0,00|0,00|0,00|0,00|0,00|0,00|0,00|||||
|C170|001|1226||1,00000|000002|206,00|0,00|0|090|1556|1556|0,00|0,00|0,00|0,00|0,00|0,00|0|01||206,00|0,00|0,00|99||||||99||||||||
|C190|090|1556|0,00|206,00|0,00|0,00|0,00|0,00|0,00|0,00||
|C100|0|1|35|55|00|1|000000387|42210827710207000106550010000003871705547505|09082021|09082021|10868,10|1|0,00|0,00|10868,10|1|0,00|0,00|0,00|10868,10|217,36|0,00|0,00|0,00|||||
|C170|001|017||25,57200|000003|10868,10|0,00|0|000|1101|1101|10868,10|2,00|217,36|0,00|0,00|0,00|0|01||10868,10|0,00|0,00|54||||||54||||||||
|C190|000|1101|2,00|10868,10|10868,10|217,36|0,00|0,00|0,00|0,00||
|C100|0|1|35|55|00|1|000000385|42210827710207000106550010000003851705547500|04082021|04082021|11401,05|1|0,00|0,00|11401,05|1|0,00|0,00|0,00|11401,05|228,02|0,00|0,00|0,00|||||
|C170|001|017||26,82600|000003|11401,05|0,00|0|000|1101|1101|11401,05|2,00|228,02|0,00|0,00|0,00|0|01||11401,05|0,00|0,00|54||||||54||||||||
|C190|000|1101|2,00|11401,05|11401,05|228,02|0,00|0,00|0,00|0,00||
|C100|0|1|35|55|00|1|000000383|42210827710207000106550010000003831705547506|03082021|03082021|10809,03|1|0,00|0,00|10809,03|0|0,00|0,00|0,00|10809,03|216,18|0,00|0,00|0,00|||||
|C170|001|017||25,43300|000003|10809,03|0,00|0|000|1101|1101|10809,03|2,00|216,18|0,00|0,00|0,00|0|01||10809,03|0,00|0,00|54||||||54||||||||
|C190|000|1101|2,00|10809,03|10809,03|216,18|0,00|0,00|0,00|0,00||
|C100|0|1|73|55|00|1|000001501|42210800443254000184550010000015011000011979|11082021|11082021|650,00|1|0,00|0,00|650,00|0|0,00|0,00|0,00|0,00|0,00|0,00|0,00|0,00|||||
|C170|001|904||1,00000|000006|650,00|0,00|0|102|1556|1556|0,00|0,00|0,00|0,00|0,00|0,00|0|01||650,00|0,00|0,00|99||||||99||||||||
|C190|102|1556|0,00|650,00|0,00|0,00|0,00|0,00|0,00|0,00||
|C100|0|1|23|55|00|1|000087074|42210885193902000144550010000870741533035626|14082021|14082021|22,95|1|0,00|0,00|22,95|0|0,00|0,00|0,00|22,95|3,90|0,00|0,00|0,00|||||
|C170|001|1326||1,00000|000020|22,95|0,00|0|000|1556|1556|22,95|17,00|3,90|0,00|0,00|0,00|0|01||22,95|0,00|0,00|99||||||99||||||||
|C190|000|1556|17,00|22,95|22,95|3,90|0,00|0,00|0,00|0,00||
|C100|0|1|13|55|00|1|000002687|42210814211243000183550010000026871832264690|09082021|10082021|5600,00|1|0,00|0,00|5600,00|0|0,00|0,00|0,00|0,00|0,00|0,00|0,00|0,00|||||
|C170|001|101||35,00000|000001|5600,00|0,00|0|051|1101|1101|0,00|0,00|0,00|0,00|0,00|0,00|0|01||5600,00|0,00|0,00|54||||||54||||||||
|C190|051|1101|0,00|5600,00|0,00|0,00|0,00|0,00|0,00|0,00||
|C100|0|1|34|55|00|1|000120270|42210885257145000125550010001202701797310153|16082021|16082021|2542,00|1|79,43|0,00|2621,44|0|0,00|0,00|0,00|0,00|0,00|0,00|0,00|0,00|||||
|C170|001|1261||20,00000|000002|2,40|0,07|0|000|1556|1556|0,00|0,00|0,00|0,00|0,00|0,00|0|01||2,40|0,00|0,00|99||||||99||||||||
|C170|002|1257||5,00000|000013|3,35|0,10|0|000|1556|1556|0,00|0,00|0,00|0,00|0,00|0,00|0|01||3,35|0,00|0,00|54||||||54||||||||
|C170|003|1257||5,00000|000013|3,35|0,10|0|000|1556|1556|0,00|0,00|0,00|0,00|0,00|0,00|0|01||3,35|0,00|0,00|54||||||54||||||||
|C170|004|1257||4,00000|000013|2,68|0,08|0|000|1556|1556|0,00|0,00|0,00|0,00|0,00|0,00|0|01||2,68|0,00|0,00|54||||||54||||||||
|C170|005|1256||30,00000|000013|132,00|4,00|0|000|1556|1556|0,00|0,00|0,00|0,00|0,00|0,00|0|01||132,00|0,00|0,00|54||||||54||||||||
|C170|006|1249||100,00000|000002|8,00|0,24|0|000|1556|1556|0,00|0,00|0,00|0,00|0,00|0,00|0|01||8,00|0,00|0,00|99||||||99||||||||
|C170|007|1247||4,00000|000002|53,16|1,61|0|000|1556|1556|0,00|0,00|0,00|0,00|0,00|0,00|0|01||53,16|0,00|0,00|99||||||99||||||||
|C170|008|1243||50,00000|000002|13,00|0,39|0|000|1556|1556|0,00|0,00|0,00|0,00|0,00|0,00|0|01||13,00|0,00|0,00|99||||||99||||||||
|C170|009|1240||46,00000|000002|2,30|0,07|0|000|1556|1556|0,00|0,00|0,00|0,00|0,00|0,00|0|01||2,30|0,00|0,00|99||||||99||||||||
|C170|010|1238||30,00000|000002|7,50|0,23|0|000|1556|1556|0,00|0,00|0,00|0,00|0,00|0,00|0|01||7,50|0,00|0,00|99||||||99||||||||
|C170|011|1236||50,00000|000002|7,50|0,23|0|000|1556|1556|0,00|0,00|0,00|0,00|0,00|0,00|0|01||7,50|0,00|0,00|99||||||99||||||||
|C170|012|1230||1,00000|000002|63,95|1,94|0|000|1556|1556|0,00|0,00|0,00|0,00|0,00|0,00|0|01||63,95|0,00|0,00|99||||||99||||||||
|C170|013|1228||1,00000|000002|56,17|1,70|0|000|1556|1556|0,00|0,00|0,00|0,00|0,00|0,00|0|01||56,17|0,00|0,00|99||||||99||||||||
|C170|014|1279||1,00000|000002|191,00|5,79|0|000|1556|1556|0,00|0,00|0,00|0,00|0,00|0,00|0|01||191,00|0,00|0,00|99||||||99||||||||
|C170|015|1278||3,00000|000002|12,45|0,38|0|000|1556|1556|0,00|0,00|0,00|0,00|0,00|0,00|0|01||12,45|0,00|0,00|99||||||99||||||||
|C170|016|1277||4,00000|000002|56,00|1,70|0|000|1556|1556|0,00|0,00|0,00|0,00|0,00|0,00|0|01||56,00|0,00|0,00|99||||||99||||||||
|C170|017|1276||39,00000|000013|443,04|13,42|0|000|1556|1556|0,00|0,00|0,00|0,00|0,00|0,00|0|01||443,04|0,00|0,00|54||||||54||||||||
|C170|018|1275||63,00000|000013|800,10|24,24|0|000|1556|1556|0,00|0,00|0,00|0,00|0,00|0,00|0|01||800,10|0,00|0,00|54||||||54||||||||
|C170|019|1274||10,00000|000002|1,20|0,04|0|000|1556|1556|0,00|0,00|0,00|0,00|0,00|0,00|0|01||1,20|0,00|0,00|99||||||99||||||||
|C170|020|1266||17,00000|000002|17,00|0,52|0|000|1556|1556|0,00|0,00|0,00|0,00|0,00|0,00|0|01||17,00|0,00|0,00|99||||||99||||||||
|C170|021|901||30,00000|000002|9,00|0,27|0|000|1556|1556|0,00|0,00|0,00|0,00|0,00|0,00|0|01||9,00|0,00|0,00|54||||||54||||||||
|C170|022|901||10,00000|000002|8,00|0,24|0|000|1556|1556|0,00|0,00|0,00|0,00|0,00|0,00|0|01||8,00|0,00|0,00|54||||||54||||||||
|C170|023|1286||0,20000|000013|3,70|0,11|0|000|1556|1556|0,00|0,00|0,00|0,00|0,00|0,00|0|01||3,70|0,00|0,00|99||||||99||||||||
|C170|024|1285||10,00000|000002|4,00|0,12|0|000|1556|1556|0,00|0,00|0,00|0,00|0,00|0,00|0|01||4,00|0,00|0,00|99||||||99||||||||
|C170|025|1284||10,00000|000002|2,20|0,07|0|000|1556|1556|0,00|0,00|0,00|0,00|0,00|0,00|0|01||2,20|0,00|0,00|99||||||99||||||||
|C170|026|1283||1,00000|000002|108,06|3,27|0|000|1556|1556|0,00|0,00|0,00|0,00|0,00|0,00|0|01||108,06|0,00|0,00|99||||||99||||||||
|C170|027|1282||1,00000|000002|190,90|5,78|0|000|1556|1556|0,00|0,00|0,00|0,00|0,00|0,00|0|01||190,90|0,00|0,00|99||||||99||||||||
|C170|028|1281||6,00000|000002|270,00|8,18|0|000|1556|1556|0,00|0,00|0,00|0,00|0,00|0,00|0|01||270,00|0,00|0,00|99||||||99||||||||
|C170|029|1280||1,00000|000002|149,43|4,53|0|000|1556|1556|0,00|0,00|0,00|0,00|0,00|0,00|0|01||149,43|0,00|0,00|99||||||99||||||||
|C190|000|1556|0,00|2542,02|0,00|0,00|0,00|0,00|0,00|0,00||
|C100|0|1|26|55|00|1|000061365|42210880082860000150550010000613651321830033|16082021|16082021|559,80|1|0,00|0,00|559,80|0|0,00|0,00|0,00|0,00|0,00|0,00|0,00|0,00|||||
|C170|001|1306||3,00000|000002|17,91|0,00|0|200|1556|1556|0,00|0,00|0,00|0,00|0,00|0,00|0|01||17,91|0,00|0,00|54||||||54||||||||
|C170|002|1304||4,00000|000002|56,80|0,00|0|200|1556|1556|0,00|0,00|0,00|0,00|0,00|0,00|0|01||56,80|0,00|0,00|54||||||54||||||||
|C170|003|1302||3,00000|000002|9,21|0,00|0|200|1556|1556|0,00|0,00|0,00|0,00|0,00|0,00|0|01||9,21|0,00|0,00|54||||||54||||||||
|C170|004|1302||3,00000|000002|9,21|0,00|0|200|1556|1556|0,00|0,00|0,00|0,00|0,00|0,00|0|01||9,21|0,00|0,00|54||||||54||||||||
|C170|005|1234||3,00000|000013|248,82|0,00|0|200|1556|1556|0,00|0,00|0,00|0,00|0,00|0,00|0|01||248,82|0,00|0,00|54||||||54||||||||
|C170|006|1234||2,50000|000013|201,20|0,00|0|200|1556|1556|0,00|0,00|0,00|0,00|0,00|0,00|0|01||201,20|0,00|0,00|54||||||54||||||||
|C170|007|1303||5,00000|000002|16,65|0,00|0|000|1556|1556|0,00|0,00|0,00|0,00|0,00|0,00|0|01||16,65|0,00|0,00|54||||||54||||||||
|C190|200|1556|0,00|543,15|0,00|0,00|0,00|0,00|0,00|0,00||
|C190|000|1556|0,00|16,65|0,00|0,00|0,00|0,00|0,00|0,00||
|C100|0|1|75|55|00|3|000013905|42210880126840000134550030000139051597278547|04082021|04082021|4174,56|1|729,36|0,00|4903,90|0|0,00|0,00|0,00|0,00|0,00|0,00|0,00|0,00|||||
|C170|001|901||84,00000|000002|92,40|13,74|0|000|1556|1556|0,00|0,00|0,00|0,00|0,00|0,00|0|01||92,40|0,00|0,00|54||||||54||||||||
|C170|002|1335||2,00000|000002|79,90|11,88|0|000|1556|1556|0,00|0,00|0,00|0,00|0,00|0,00|0|01||79,90|0,00|0,00|99||||||99||||||||
|C170|003|1336||15,00000|000002|119,25|17,74|0|000|1556|1556|0,00|0,00|0,00|0,00|0,00|0,00|0|01||119,25|0,00|0,00|99||||||99||||||||
|C170|004|1336||19,00000|000002|151,05|22,47|0|000|1556|1556|0,00|0,00|0,00|0,00|0,00|0,00|0|01||151,05|0,00|0,00|99||||||99||||||||
|C170|005|1337||1,00000|000002|89,95|13,38|0|000|1556|1556|0,00|0,00|0,00|0,00|0,00|0,00|0|01||89,95|0,00|0,00|99||||||99||||||||
|C170|006|1338||0,50000|000022|39,48|5,87|0|000|1556|1556|0,00|0,00|0,00|0,00|0,00|0,00|0|01||39,48|0,00|0,00|99||||||99||||||||
|C170|007|1338||0,50000|000022|39,48|5,87|0|000|1556|1556|0,00|0,00|0,00|0,00|0,00|0,00|0|01||39,48|0,00|0,00|99||||||99||||||||
|C170|008|1339||4,00000|000002|15,80|2,35|0|000|1556|1556|0,00|0,00|0,00|0,00|0,00|0,00|0|01||15,80|0,00|0,00|99||||||99||||||||
|C170|009|1340||2,00000|000002|11,00|1,64|0|000|1556|1556|0,00|0,00|0,00|0,00|0,00|0,00|0|01||11,00|0,00|0,00|99||||||99||||||||
|C170|010|1341||2,00000|000023|27,90|4,15|0|000|1556|1556|0,00|0,00|0,00|0,00|0,00|0,00|0|01||27,90|0,00|0,00|99||||||99||||||||
|C170|011|1342||2,00000|000002|18,90|2,81|0|000|1556|1556|0,00|0,00|0,00|0,00|0,00|0,00|0|01||18,90|0,00|0,00|99||||||99||||||||
|C170|012|1343||2,00000|000008|49,90|7,42|0|000|1556|1556|0,00|0,00|0,00|0,00|0,00|0,00|0|01||49,90|0,00|0,00|99||||||99||||||||
|C170|013|1344||2,00000|000006|97,00|14,43|0|000|1556|1556|0,00|0,00|0,00|0,00|0,00|0,00|0|01||97,00|0,00|0,00|99||||||99||||||||
|C170|014|1333||1,00000|000006|5,90|0,88|0|000|1556|1556|0,00|0,00|0,00|0,00|0,00|0,00|0|01||5,90|0,00|0,00|99||||||99||||||||
|C170|015|1332||2,00000|000013|187,90|27,95|0|000|1556|1556|0,00|0,00|0,00|0,00|0,00|0,00|0|01||187,90|0,00|0,00|99||||||99||||||||
|C170|016|1332||2,00000|000013|169,30|25,18|0|000|1556|1556|0,00|0,00|0,00|0,00|0,00|0,00|0|01||169,30|0,00|0,00|99||||||99||||||||
|C170|017|1332||1,00000|000013|84,65|12,59|0|000|1556|1556|0,00|0,00|0,00|0,00|0,00|0,00|0|01||84,65|0,00|0,00|99||||||99||||||||
|C170|018|1345||4,00000|000006|418,60|62,26|0|000|1556|1556|0,00|0,00|0,00|0,00|0,00|0,00|0|01||418,60|0,00|0,00|99||||||99||||||||
|C170|019|1346||1,00000|000005|22,50|3,35|0|000|1556|1556|0,00|0,00|0,00|0,00|0,00|0,00|0|01||22,50|0,00|0,00|99||||||99||||||||
|C170|020|227||6,00000|000013|59,70|8,88|0|000|1556|1556|0,00|0,00|0,00|0,00|0,00|0,00|0|01||59,70|0,00|0,00|54||||||54||||||||
|C170|021|227||6,00000|000013|87,90|13,07|0|000|1556|1556|0,00|0,00|0,00|0,00|0,00|0,00|0|01||87,90|0,00|0,00|54||||||54||||||||
|C170|022|227||42,00000|000013|249,90|37,17|0|000|1556|1556|0,00|0,00|0,00|0,00|0,00|0,00|0|01||249,90|0,00|0,00|54||||||54||||||||
|C170|023|337||1,00000|000002|2,25|0,33|0|000|1556|1556|0,00|0,00|0,00|0,00|0,00|0,00|0|01||2,25|0,00|0,00|54||||||54||||||||
|C170|024|807||2,00000|000002|17,90|2,66|0|000|1556|1556|0,00|0,00|0,00|0,00|0,00|0,00|0|01||17,90|0,00|0,00|54||||||54||||||||
|C170|025|1332||0,50000|000013|43,48|6,47|0|000|1556|1556|0,00|0,00|0,00|0,00|0,00|0,00|0|01||43,48|0,00|0,00|99||||||99||||||||
|C170|026|1235||2,00000|000002|5,10|0,76|0|000|1556|1556|0,00|0,00|0,00|0,00|0,00|0,00|0|01||5,10|0,00|0,00|99||||||99||||||||
|C170|027|1331||10,00000|000006|699,50|104,04|0|000|1556|1556|0,00|0,00|0,00|0,00|0,00|0,00|0|01||699,50|0,00|0,00|99||||||99||||||||
|C170|028|1235||1,00000|000002|1,85|0,28|0|000|1556|1556|0,00|0,00|0,00|0,00|0,00|0,00|0|01||1,85|0,00|0,00|99||||||99||||||||
|C170|029|1235||2,00000|000002|53,90|8,02|0|000|1556|1556|0,00|0,00|0,00|0,00|0,00|0,00|0|01||53,90|0,00|0,00|99||||||99||||||||
|C170|030|1235||2,00000|000002|13,90|2,07|0|000|1556|1556|0,00|0,00|0,00|0,00|0,00|0,00|0|01||13,90|0,00|0,00|99||||||99||||||||
|C170|031|1330||0,50000|000022|84,98|12,64|0|000|1556|1556|0,00|0,00|0,00|0,00|0,00|0,00|0|01||84,98|0,00|0,00|99||||||99||||||||
|C170|032|1330||0,50000|000022|84,98|12,64|0|000|1556|1556|0,00|0,00|0,00|0,00|0,00|0,00|0|01||84,98|0,00|0,00|99||||||99||||||||
|C170|033|1330||2,00000|000022|187,30|27,86|0|000|1556|1556|0,00|0,00|0,00|0,00|0,00|0,00|0|01||187,30|0,00|0,00|99||||||99||||||||
|C170|034|1328||1,00000|000024|119,95|17,84|0|000|1556|1556|0,00|0,00|0,00|0,00|0,00|0,00|0|01||119,95|0,00|0,00|99||||||99||||||||
|C170|035|1328||1,00000|000024|119,95|17,84|0|000|1556|1556|0,00|0,00|0,00|0,00|0,00|0,00|0|01||119,95|0,00|0,00|99||||||99||||||||
|C170|036|1328||1,00000|000024|119,95|17,84|0|000|1556|1556|0,00|0,00|0,00|0,00|0,00|0,00|0|01||119,95|0,00|0,00|99||||||99||||||||
|C170|037|1327||1,00000|000006|14,95|2,22|0|000|1556|1556|0,00|0,00|0,00|0,00|0,00|0,00|0|01||14,95|0,00|0,00|99||||||99||||||||
|C170|038|845||3,00000|000002|23,85|3,55|0|000|1556|1556|0,00|0,00|0,00|0,00|0,00|0,00|0|01||23,85|0,00|0,00|99||||||99||||||||
|C170|039|1334||1,00000|000006|39,95|5,94|0|000|1556|1556|0,00|0,00|0,00|0,00|0,00|0,00|0|01||39,95|0,00|0,00|99||||||99||||||||
|C170|040|919||1,00000|000002|13,95|2,07|0|000|1556|1556|0,00|0,00|0,00|0,00|0,00|0,00|0|01||13,95|0,00|0,00|99||||||99||||||||
|C170|041|1329||3,00000|000004|119,85|17,83|0|060|1556|1556|0,00|0,00|0,00|0,00|0,00|0,00|0|01||119,85|0,00|0,00|99||||||99||||||||
|C170|042|1329||3,00000|000004|119,85|17,83|0|060|1556|1556|0,00|0,00|0,00|0,00|0,00|0,00|0|01||119,85|0,00|0,00|99||||||99||||||||
|C170|043|1329||10,00000|000004|399,50|59,42|0|060|1556|1556|0,00|0,00|0,00|0,00|0,00|0,00|0|01||399,50|0,00|0,00|99||||||99||||||||
|C170|044|1326||1,00000|000020|10,40|1,55|0|000|1556|1556|0,00|0,00|0,00|0,00|0,00|0,00|0|01||10,40|0,00|0,00|99||||||99||||||||
|C170|045|1326||6,00000|000020|239,70|35,65|0|000|1556|1556|0,00|0,00|0,00|0,00|0,00|0,00|0|01||239,70|0,00|0,00|99||||||99||||||||
|C170|046|1326||1,00000|000020|4,00|0,59|0|000|1556|1556|0,00|0,00|0,00|0,00|0,00|0,00|0|01||4,00|0,00|0,00|99||||||99||||||||
|C170|047|1326||1,00000|000020|4,00|0,59|0|000|1556|1556|0,00|0,00|0,00|0,00|0,00|0,00|0|01||4,00|0,00|0,00|99||||||99||||||||
|C170|048|1325||1,00000|000002|3,25|0,48|0|000|1556|1556|0,00|0,00|0,00|0,00|0,00|0,00|0|01||3,25|0,00|0,00|99||||||99||||||||
|C170|049|1324||1,00000|000006|10,95|1,63|0|000|1556|1556|0,00|0,00|0,00|0,00|0,00|0,00|0|01||10,95|0,00|0,00|99||||||99||||||||
|C170|050|1262||19,00000|000002|90,25|13,42|0|000|1556|1556|0,00|0,00|0,00|0,00|0,00|0,00|0|01||90,25|0,00|0,00|54||||||54||||||||
|C170|051|1248||4,00000|000002|39,80|5,92|0|000|1556|1556|0,00|0,00|0,00|0,00|0,00|0,00|0|01||39,80|0,00|0,00|99||||||99||||||||
|C170|052|1248||1,00000|000002|7,35|1,09|0|000|1556|1556|0,00|0,00|0,00|0,00|0,00|0,00|0|01||7,35|0,00|0,00|99||||||99||||||||
|C170|053|1248||4,00000|000002|18,20|2,71|0|000|1556|1556|0,00|0,00|0,00|0,00|0,00|0,00|0|01||18,20|0,00|0,00|99||||||99||||||||
|C170|054|1248||1,00000|000002|1,45|0,22|0|000|1556|1556|0,00|0,00|0,00|0,00|0,00|0,00|0|01||1,45|0,00|0,00|99||||||99||||||||
|C170|055|1242||19,00000|000002|14,25|2,12|0|000|1556|1556|0,00|0,00|0,00|0,00|0,00|0,00|0|01||14,25|0,00|0,00|99||||||99||||||||
|C170|056|1242||84,00000|000002|21,00|3,12|0|000|1556|1556|0,00|0,00|0,00|0,00|0,00|0,00|0|01||21,00|0,00|0,00|99||||||99||||||||
|C170|057|1205||19,00000|000006|12,35|1,84|0|000|1556|1556|0,00|0,00|0,00|0,00|0,00|0,00|0|01||12,35|0,00|0,00|99||||||99||||||||
|C170|058|1205||84,00000|000006|12,60|1,87|0|000|1556|1556|0,00|0,00|0,00|0,00|0,00|0,00|0|01||12,60|0,00|0,00|99||||||99||||||||
|C170|059|1235||2,00000|000002|9,10|1,35|0|000|1556|1556|0,00|0,00|0,00|0,00|0,00|0,00|0|01||9,10|0,00|0,00|99||||||99||||||||
|C190|000|1556|0,00|3630,38|0,00|0,00|0,00|0,00|0,00|0,00||
|C190|060|1556|0,00|544,12|0,00|0,00|0,00|0,00|0,00|0,00||
|C100|0|1|76|55|00|1|000000717|42210823423996000143550010000007171000058561|31082021|31082021|22308,00|1|0,00|0,00|22308,00|1|0,00|0,00|0,00|22308,00|278,85|0,00|0,00|0,00|||||
|C170|001|001||24,60000|000003|17466,00|0,00|0|000|1101|1101|17466,00|1,25|218,32|0,00|0,00|0,00|0|01||17466,00|0,00|0,00|54||||||54||||||||
|C170|002|002||8,07000|000003|4842,00|0,00|0|000|1101|1101|4842,00|1,25|60,52|0,00|0,00|0,00|0|01||4842,00|0,00|0,00|54||||||54||||||||
|C190|000|1101|1,25|22308,00|22308,00|278,85|0,00|0,00|0,00|0,00||
|C195|000001|1,25% CREDITO ICMS|
|C197|SC10000034|DOCUMENTO EMITIDO POR ME OU EPP OPTANTE PELO SIMPLES NACIONAL. PERMITE APROVEITAMENTO DE CREDITO DE ICMS  ART.23 LC 123/2006|001|17466,00|1,25|218,32|0,00|
|C197|SC10000034|DOCUMENTO EMITIDO POR ME OU EPP OPTANTE PELO SIMPLES NACIONAL. PERMITE APROVEITAMENTO DE CREDITO DE ICMS  ART.23 LC 123/2006|002|4842,00|1,25|60,52|0,00|
|C100|0|0|77|01|00|1|000008705||09082021|09082021|114069,38|1|0,00|0,00|108637,50|0|0,00|0,00|0,00|108637,50|18468,38|0,00|0,00|5431,88|||||
|C140|0|00||8705|03|114069,38|
|C141|3|19092021|38023,12|
|C141|1|29082021|38023,13|
|C141|2|09092021|38023,13|
|C170|001|015||86,91000|000003|108637,50|0,00|0|000|1101|1101|108637,50|17,00|18468,38|0,00|0,00|0,00|0|00||108637,50|5,00|5431,88|54||||||54||||||||
|C190|000|1101|17,00|114069,38|108637,50|18468,38|0,00|0,00|0,00|5431,88||
|C500|0|0|74|06|00|4||01|087556026|31082021|31082021|26450,24|0,00|26450,24|0,00|0,00|0,00|0,00|0,00|0,00|0,00||||3|13||||1|||
|C590|000|1252|0,00|26450,24|0,00|0,00|0,00|0,00|0,00||
|C990|933|
|D001|0|
|D100|0|1|1|08|00|1||000002515||02082021|02082021|0||1861,30|0,00|1|0,00|1861,30|316,42|0,00||||4204558|
|D190|000|1352|17,00|1861,30|1861,30|316,42|0,00||
|D100|0|1|1|08|00|1||000002516||02082021|02082021|0||1815,10|0,00|1|0,00|1815,10|308,57|0,00||||4204558|
|D190|000|1352|17,00|1815,10|1815,10|308,57|0,00||
|D100|0|1|1|08|00|1||000002517||02082021|02082021|0||1925,70|0,00|1|0,00|1925,70|327,37|0,00||||4204558|
|D190|000|1352|17,00|1925,70|1925,70|327,37|0,00||
|D100|0|1|1|08|00|1||000002519||02082021|02082021|0||1788,50|0,00|1|0,00|1788,50|304,05|0,00||||4204558|
|D190|000|1352|17,00|1788,50|1788,50|304,05|0,00||
|D100|0|1|1|08|00|1||000002520||02082021|02082021|0||1802,50|0,00|1|0,00|1802,50|306,43|0,00||||4204558|
|D190|000|1352|17,00|1802,50|1802,50|306,43|0,00||
|D100|0|1|2|08|00|1||000001570||03082021|03082021|0||700,00|0,00|1|0,00|0,00|0,00|0,00||||4204558|
|D190|000|1352|0,00|700,00|0,00|0,00|0,00||
|D100|0|1|3|08|00|1||000037828||03082021|03082021|0||1900,00|0,00|1|0,00|0,00|0,00|0,00||||4204558|
|D190|000|1352|0,00|1900,00|0,00|0,00|0,00||
|D100|0|1|4|08|00|1||000651589||03082021|03082021|0||50,45|0,00|0|0,00|50,45|8,58|0,00||||4204558|
|D190|000|1352|17,01|50,45|50,45|8,58|0,00||
|D100|0|1|3|08|00|1||000037827||04082021|04082021|0||1900,00|0,00|1|0,00|0,00|0,00|0,00||||4204558|
|D190|000|1352|0,00|1900,00|0,00|0,00|0,00||
|D100|0|1|3|08|00|1||000037829||04082021|04082021|0||1900,00|0,00|1|0,00|0,00|0,00|0,00||||4204558|
|D190|000|1352|0,00|1900,00|0,00|0,00|0,00||
|D100|0|1|3|08|00|1||000037830||04082021|04082021|0||1832,00|0,00|1|0,00|0,00|0,00|0,00||||4204558|
|D190|000|1352|0,00|1832,00|0,00|0,00|0,00||
|D100|0|1|2|08|00|1||000001589||09082021|09082021|0||700,00|0,00|1|0,00|0,00|0,00|0,00||||4204558|
|D190|000|1352|0,00|700,00|0,00|0,00|0,00||
|D100|0|1|2|08|00|1||000001590||09082021|09082021|0||700,00|0,00|1|0,00|0,00|0,00|0,00||||4204558|
|D190|000|1352|0,00|700,00|0,00|0,00|0,00||
|D100|0|1|1|08|00|1||000002630||10082021|10082021|0||1382,50|0,00|1|0,00|1382,50|235,03|0,00||||4204558|
|D190|000|1352|17,00|1382,50|1382,50|235,03|0,00||
|D100|0|1|1|08|00|1||000002631||10082021|10082021|0||1449,00|0,00|1|0,00|1449,00|246,33|0,00||||4204558|
|D190|000|1352|17,00|1449,00|1449,00|246,33|0,00||
|D100|0|1|1|08|00|1||000002632||10082021|10082021|0||1720,60|0,00|1|0,00|1720,60|292,50|0,00||||4204558|
|D190|000|1352|17,00|1720,60|1720,60|292,50|0,00||
|D100|0|1|1|08|00|1||000002633||10082021|10082021|0||1346,10|0,00|1|0,00|1346,10|228,84|0,00||||4204558|
|D190|000|1352|17,00|1346,10|1346,10|228,84|0,00||
|D100|0|1|1|08|00|1||000002634||10082021|10082021|0||1500,10|0,00|1|0,00|1500,10|255,02|0,00||||4204558|
|D190|000|1352|17,00|1500,10|1500,10|255,02|0,00||
|D100|0|1|1|08|00|1||000002635||10082021|10082021|0||1677,20|0,00|1|0,00|1677,20|285,12|0,00||||4204558|
|D190|000|1352|17,00|1677,20|1677,20|285,12|0,00||
|D100|0|1|1|08|00|1||000002648||11082021|11082021|0||1407,00|0,00|1|0,00|1407,00|239,19|0,00||||4204558|
|D190|000|1352|17,00|1407,00|1407,00|239,19|0,00||
|D100|0|1|1|08|00|1||000002649||11082021|11082021|0||1721,30|0,00|1|0,00|1721,30|292,62|0,00||||4204558|
|D190|000|1352|17,00|1721,30|1721,30|292,62|0,00||
|D100|0|1|1|08|00|1||000002650||11082021|11082021|0||2002,70|0,00|1|0,00|2002,70|340,46|0,00||||4204558|
|D190|000|1352|17,00|2002,70|2002,70|340,46|0,00||
|D100|0|1|1|08|00|1||000002651||11082021|11082021|0||1427,30|0,00|1|0,00|1427,30|242,64|0,00||||4204558|
|D190|000|1352|17,00|1427,30|1427,30|242,64|0,00||
|D100|0|1|3|08|00|1||000037995||13082021|13082021|0||1900,00|0,00|1|0,00|0,00|0,00|0,00||||4204558|
|D190|000|1352|0,00|1900,00|0,00|0,00|0,00||
|D100|0|1|5|57|00|2||000321012|41210800428307001240570020003210121003210120|16082021|16082021|0||339,50|0,00|1|0,00|329,90|39,59|0,00|||4125506|4204558|
|D190|000|2352|12,00|339,50|329,90|39,59|0,00||
|D100|0|1|2|08|00|1||000001601||17082021|17082021|0||700,00|0,00|1|0,00|0,00|0,00|0,00||||4204558|
|D190|000|1352|0,00|700,00|0,00|0,00|0,00||
|D100|0|1|1|57|00|1||000002707|42210826440544000168570010000027071000011720|17082021|17082021|0||1264,90|0,00|0|0,00|1264,90|215,03|0,00|||4215505|4204558|
|D190|000|1352|17,00|1264,90|1264,90|215,03|0,00||
|D100|0|1|3|08|00|1||000038124||18082021|18082021|0||1900,00|0,00|1|0,00|0,00|0,00|0,00||||4204558|
|D190|000|1352|0,00|1900,00|0,00|0,00|0,00||
|D100|0|1|3|08|00|1||000038125||18082021|18082021|0||1900,00|0,00|1|0,00|0,00|0,00|0,00||||4204558|
|D190|000|1352|0,00|1900,00|0,00|0,00|0,00||
|D100|0|1|3|08|00|1||000038126||18082021|18082021|0||1900,00|0,00|1|0,00|0,00|0,00|0,00||||4204558|
|D190|000|1352|0,00|1900,00|0,00|0,00|0,00||
|D100|0|1|3|08|00|1||000038127||19082021|19082021|0||1900,00|0,00|1|0,00|0,00|0,00|0,00||||4204558|
|D190|000|1352|0,00|1900,00|0,00|0,00|0,00||
|D100|0|1|3|08|00|1||000038148||19082021|19082021|0||1900,00|0,00|1|0,00|0,00|0,00|0,00||||4204558|
|D190|000|1352|0,00|1900,00|0,00|0,00|0,00||
|D100|0|1|3|08|00|1||000038149||19082021|19082021|0||1900,00|0,00|1|0,00|0,00|0,00|0,00||||4204558|
|D190|000|1352|0,00|1900,00|0,00|0,00|0,00||
|D100|0|1|3|08|00|1||000038150||19082021|19082021|0||1900,00|0,00|1|0,00|0,00|0,00|0,00||||4204558|
|D190|000|1352|0,00|1900,00|0,00|0,00|0,00||
|D100|0|1|3|08|00|1||000038151||19082021|19082021|0||1900,00|0,00|1|0,00|0,00|0,00|0,00||||4204558|
|D190|000|1352|0,00|1900,00|0,00|0,00|0,00||
|D100|0|1|6|08|00|1||000000006||25082021|25082021|0||12931,80|0,00|0|0,00|0,00|0,00|0,00||||4204558|
|D190|000|1352|0,00|12931,80|0,00|0,00|0,00||
|D100|0|1|2|08|00|1||000001632||31082021|31082021|0||600,00|0,00|1|0,00|0,00|0,00|0,00||||4204558|
|D190|000|1352|0,00|600,00|0,00|0,00|0,00||
|D990|76|
|E001|0|
|E100|01082021|31082021|
|E110|52675,32|0,00|0,00|0,00|37160,32|0,00|0,00|0,00|0,00|15515,00|0,00|15515,00|0,00|0,00|
|E116|000|15515,00|15092021|144910014|||||082021|
|E500|0|01082021|31082021|
|E510|5101|01|4365,08|4365,08|0,00|
|E510|1101|01|385333,61|385333,61|0,00|
|E510|6101|00|160819,58|160819,58|8040,98|
|E510|6924|01|237327,52|237327,52|0,00|
|E510|6122|00|237327,52|237327,52|11866,38|
|E510|1101|00|180380,70|180380,70|8960,86|
|E510|7101|01|1607444,70|1607444,70|0,00|
|E510|5101|00|66651,45|66651,45|3332,57|
|E510|6101|01|17961,00|17961,00|0,00|
|E510|2101|00|131019,40|131019,40|7061,91|
|E510|1556|01|123151,51|123151,51|0,00|
|E510|2551|01|145300,00|145300,00|0,00|
|E510|2556|01|15476,39|15476,39|0,00|
|E510|1201|01|0,00|0,00|0,00|
|E510|5915|01|5000,00|5000,00|0,00|
|E510|2101|01|31869,75|31869,75|0,00|
|E520|0,00|23239,93|16022,77|0,00|0,00|0,00|7217,16|
|E990|23|
|G001|1|
|G990|2|
|H001|1|
|H990|2|
|K001|1|
|K990|2|
|1001|0|
|1010|N|N|N|N|S|N|N|N|N|N|N|N|N|
|1400|101|4216800|437368,00|
|1400|105|4204558|7939,80|
|1990|5|
|9001|0|
|9900|0000|1|
|9900|0001|1|
|9900|0002|1|
|9900|0005|1|
|9900|0100|1|
|9900|0150|77|
|9900|0190|24|
|9900|0200|237|
|9900|0400|6|
|9900|0460|1|
|9900|0990|1|
|9900|B001|1|
|9900|B990|1|
|9900|C001|1|
|9900|C100|215|
|9900|C140|1|
|9900|C141|3|
|9900|C170|470|
|9900|C190|224|
|9900|C195|4|
|9900|C197|12|
|9900|C500|1|
|9900|C590|1|
|9900|C990|1|
|9900|D001|1|
|9900|D100|37|
|9900|D190|37|
|9900|D990|1|
|9900|E001|1|
|9900|E100|1|
|9900|E110|1|
|9900|E116|1|
|9900|E500|1|
|9900|E510|16|
|9900|E520|1|
|9900|E990|1|
|9900|G001|1|
|9900|G990|1|
|9900|H001|1|
|9900|H990|1|
|9900|K001|1|
|9900|K990|1|
|9900|1001|1|
|9900|1010|1|
|9900|1400|2|
|9900|1990|1|
|9900|9001|1|
|9900|9900|50|
|9900|9990|1|
|9900|9999|1|
|9990|53|
|9999|1449|
