|0000|006|0|0||01122020|31122020|MARCIO ANTONIO DOS SANTOS SERVICOS MEDICOS S/S ME|07869417000134|PR|4118501||00|1|
|0001|0|
|0100|Leila Marcia Motta Storolli|72458429904|PR 036983/O-6||00000000|||||0000000000|||4118501|
|0110|1|1|1||
|0140|007|MARCIO ANTONIO DOS SANTOS SERVIÇOS MÉDICOS S/S ME|07869417000134|PR||4118501|7262012||
|0150|1|Mareli Bohrer|1058||37300423949||4118501||||||
|0150|2|Carla Luiza Colla|1058||08010608939||4118501||Jaciretã, 334|334||Centro|
|0150|3|Francisca Siqueira Oliveira|1058||80540686972||4117602||Professor Henrique Jose, 338|338||Divino|
|0150|4|Sind Dos Trab Nas Ind Da Const e Do Mob|1058|80872153000168|||4118501||Rua Tamoio, 969|969||Centro Da Cidade|
|0150|5|Ivalino Ivano De Carvalho Neto|1058||07959942900||4118501||Rua Bispo Dom Carlos Eduardo, 99|99||La Salle|
|0150|6|Dirce Saraca Pinheiro Santini|1058||62422375987||4118501||Claudir Oldoni, 91|91||Gralha Azul|
|0150|7|Welen Casagrande|1058||08114915951||4118501||São Francisco De Assis, 311|311||Planalto|
|0150|8|Antonio Spader|1058||46745351900||4118501||Castro Alves, 1347|1347||São Cristóvão|
|0150|9|Paulo Renato Ludvig|1058||31285422015||4118501||Via Do Conhecimento, SN|SN||Fraron|
|0150|10|Alexandre Ferreira|1058||29925241820||4118501||Graciosa Martinelo, 1156|1156||São Francisco|
|0150|11|Joseane Regina Miri|1058||89994329987||4118501||Getúlio Vargas, 550|550||Santo Antonio|
|0150|12|Alcione Pizzi|1058||98458850982||4124806||Getúlio Vargas, 550|550||Centro|
|0150|13|Ines Zancanaro Martins Lopes|1058||43519172968||4118501||Dos Canários, 507|507||Planalto|
|0150|14|Jandir Bergamaschi|1058||44659326934||4203501||Linha 12 De Novembro, S/N|||Zona Rural|
|0150|15|Amanda Camila De Oliveira|1058||07027651980||4106506||Elvira Fleck, 140|140||Fleck|
|0150|16|Adair Bugoni|1058||77860454904||4115309||Linha Palmital, S/N|||Zona Rural|
|0150|17|Regina Conceição Monteiro|1058||08285073920||4118501||Máximo Sloboda, 156|156||São Roque|
|0190|000001|UN|
|0200|04.03|Hospitais, Clinicas, Laboratorios e Outros|||000001|00|00000000||00||2,00|
|0500|01012009|04|A|6|31010101001|RECEITA COM SERVIÇOS|3.01.01.01.01.06||
|0990|26|
|A001|0|
|A010|07869417000134|
|A100|1|0|1|00|F||000000288||01122020|01122020|150,00|0|0,00|150,00|0,98|150,00|4,50|0,00|0,00|0,00|
|A170|1|04.03||150,00|0,00|||02|150,00|0,65|0,98|02|150,00|3,00|4,50|31010101001||
|A100|1|0|2|00|F||000000289||01122020|01122020|150,00|0|0,00|150,00|0,98|150,00|4,50|0,00|0,00|0,00|
|A170|1|04.03||150,00|0,00|||02|150,00|0,65|0,98|02|150,00|3,00|4,50|31010101001||
|A100|1|0|3|00|F||000000290||01122020|01122020|150,00|0|0,00|150,00|0,98|150,00|4,50|0,00|0,00|0,00|
|A170|1|04.03||150,00|0,00|||02|150,00|0,65|0,98|02|150,00|3,00|4,50|31010101001||
|A100|1|0|4|00|F||000000291||01122020|01122020|360,00|0|0,00|360,00|2,34|360,00|10,80|0,00|0,00|0,00|
|A170|1|04.03||360,00|0,00|||02|360,00|0,65|2,34|02|360,00|3,00|10,80|31010101001||
|A100|1|0|5|00|F||000000292||02122020|02122020|150,00|0|0,00|150,00|0,98|150,00|4,50|0,00|0,00|0,00|
|A170|1|04.03||150,00|0,00|||02|150,00|0,65|0,98|02|150,00|3,00|4,50|31010101001||
|A100|1|0|6|00|F||000000293||04122020|04122020|150,00|0|0,00|150,00|0,98|150,00|4,50|0,00|0,00|0,00|
|A170|1|04.03||150,00|0,00|||02|150,00|0,65|0,98|02|150,00|3,00|4,50|31010101001||
|A100|1|0|7|00|F||000000294||04122020|04122020|150,00|0|0,00|150,00|0,98|150,00|4,50|0,00|0,00|0,00|
|A170|1|04.03||150,00|0,00|||02|150,00|0,65|0,98|02|150,00|3,00|4,50|31010101001||
|A100|1|0|8|00|F||000000295||04122020|04122020|150,00|0|0,00|150,00|0,98|150,00|4,50|0,00|0,00|0,00|
|A170|1|04.03||150,00|0,00|||02|150,00|0,65|0,98|02|150,00|3,00|4,50|31010101001||
|A100|1|0|9|00|F||000000296||04122020|04122020|150,00|0|0,00|150,00|0,98|150,00|4,50|0,00|0,00|0,00|
|A170|1|04.03||150,00|0,00|||02|150,00|0,65|0,98|02|150,00|3,00|4,50|31010101001||
|A100|1|0|10|00|F||000000297||04122020|04122020|150,00|0|0,00|150,00|0,98|150,00|4,50|0,00|0,00|0,00|
|A170|1|04.03||150,00|0,00|||02|150,00|0,65|0,98|02|150,00|3,00|4,50|31010101001||
|A100|1|0|11|00|F||000000298||04122020|04122020|150,00|0|0,00|150,00|0,98|150,00|4,50|0,00|0,00|0,00|
|A170|1|04.03||150,00|0,00|||02|150,00|0,65|0,98|02|150,00|3,00|4,50|31010101001||
|A100|1|0|12|00|F||000000299||04122020|04122020|150,00|0|0,00|150,00|0,98|150,00|4,50|0,00|0,00|0,00|
|A170|1|04.03||150,00|0,00|||02|150,00|0,65|0,98|02|150,00|3,00|4,50|31010101001||
|A100|1|0|13|00|F||000000300||08122020|08122020|150,00|0|0,00|150,00|0,98|150,00|4,50|0,00|0,00|0,00|
|A170|1|04.03||150,00|0,00|||02|150,00|0,65|0,98|02|150,00|3,00|4,50|31010101001||
|A100|1|0|14|00|F||000000301||08122020|08122020|300,00|0|0,00|300,00|1,95|300,00|9,00|0,00|0,00|0,00|
|A170|1|04.03||300,00|0,00|||02|300,00|0,65|1,95|02|300,00|3,00|9,00|31010101001||
|A100|1|0|15|00|F||000000302||11122020|11122020|150,00|0|0,00|150,00|0,98|150,00|4,50|0,00|0,00|0,00|
|A170|1|04.03||150,00|0,00|||02|150,00|0,65|0,98|02|150,00|3,00|4,50|31010101001||
|A100|1|0|16|00|F||000000303||11122020|11122020|300,00|0|0,00|300,00|1,95|300,00|9,00|0,00|0,00|0,00|
|A170|1|04.03||300,00|0,00|||02|300,00|0,65|1,95|02|300,00|3,00|9,00|31010101001||
|A100|1|0|17|00|F||000000304||15122020|15122020|150,00|0|0,00|150,00|0,98|150,00|4,50|0,00|0,00|0,00|
|A170|1|04.03||150,00|0,00|||02|150,00|0,65|0,98|02|150,00|3,00|4,50|31010101001||
|A990|37|
|C001|0|
|C010|07869417000134|2|
|C990|3|
|D001|1|
|D990|2|
|F001|1|
|F990|2|
|M001|1|
|M990|2|
|P001|1|
|P990|2|
|1001|1|
|1990|2|
|9001|0|
|9900|0000|1|
|9900|0001|1|
|9900|0100|1|
|9900|0110|1|
|9900|0140|1|
|9900|0150|17|
|9900|0190|1|
|9900|0200|1|
|9900|0500|1|
|9900|0990|1|
|9900|A001|1|
|9900|A010|1|
|9900|A100|17|
|9900|A170|17|
|9900|A990|1|
|9900|C001|1|
|9900|C010|1|
|9900|C990|1|
|9900|D001|1|
|9900|D990|1|
|9900|F001|1|
|9900|F990|1|
|9900|M001|1|
|9900|M990|1|
|9900|P001|1|
|9900|P990|1|
|9900|1001|1|
|9900|1990|1|
|9900|9001|1|
|9900|9900|32|
|9900|9990|1|
|9900|9999|1|
|9990|35|
|9999|111|
