|0000|006|0|0||01122020|31122020|SM ORGANIZACOES CONTABEIS|05992547000134|PR|4118501||00|2|
|0001|0|
|0100|Leila Motta Storolli|72458429904|036985/O-6||00000000|||||0000000000|||4118501|
|0110|1|1|1||
|0140|001|SM organizações contábeis|05992547000134|PR||4118501|66326256||
|0140|021|Gilmar Gorges ME|12855635000150|PR||4118501|||
|0140|022|AGILIZA|25056942000112|PR||4118501|||
|0140|030|Erides Maria Motta|14417531000199|PR|9057427369|4118501|||
|0990|9|
|A001|1|
|A990|2|
|C001|1|
|C990|2|
|D001|1|
|D990|2|
|F001|1|
|F990|2|
|M001|1|
|M990|2|
|P001|1|
|P990|2|
|1001|1|
|1990|2|
|9001|0|
|9900|0000|1|
|9900|0001|1|
|9900|0100|1|
|9900|0110|1|
|9900|0140|4|
|9900|0990|1|
|9900|A001|1|
|9900|A990|1|
|9900|C001|1|
|9900|C990|1|
|9900|D001|1|
|9900|D990|1|
|9900|F001|1|
|9900|F990|1|
|9900|M001|1|
|9900|M990|1|
|9900|P001|1|
|9900|P990|1|
|9900|1001|1|
|9900|1990|1|
|9900|9001|1|
|9900|9900|24|
|9900|9990|1|
|9900|9999|1|
|9990|27|
|9999|50|
